2400 4328
391 130 704 191 .-264-

92 337 155 403 qno
175 320 301 379 vetares
329 317 362 371 et
389 304 426 369 in
445 302 542 367 rebus
560 294 761 364 vindicandis
783 302 941 367 festucam
964 297 1096 371 adhibe

92 437 177 504 rent,
199 422 317 487 scilicet
337 414 563 479 solennitatem
583 413 782 497 requirentes
807 413 872 497 ²²).

173 530 225 594 Ex
240 527 293 590 bis
313 524 448 612 planum
467 522 515 602 tit,
531 523 733 609 probabilem
753 545 826 589 esse
844 524 1012 589 rationem
1025 524 1098 589 ben·-

92 656 147 707 tae
164 631 388 725 praefigendae
409 636 444 697 in
465 632 684 698 auctionibus:
713 638 844 723 jamque
873 654 948 699 eam
970 655 1099 724 semper

91 756 129 817 in
157 746 302 821 conciliis
331 745 605 809 centumvirorum
633 746 712 831 poni
742 749 891 827 solitam,
926 746 1126 825 offensioni,

91 860 154 923 erit
184 854 319 935 nemini.
361 850 446 933 Quis
469 856 557 919 enirn
576 856 699 919 mirum
717 865 828 941 putat,
858 876 934 921 cum
955 860 1027 936 jam
1046 880 1101 945 po·

93 972 157 1035 sita
177 971 269 1033 basta
298 961 502 1029 considerent
522 967 744 1044 centumviri,c
766 977 801 1029 et
821 953 932 1030 babita
953 968 1100 1035 auctione

94 1082 196 1145 etiam
215 1098 267 1140 res
289 1072 509 1155 dijudicandae
531 1074 694 1157 darentur,
715 1078 844 1141 hastam
862 1082 1102 1145 nonessesub-

92 1176 212 1267 latam,
242 1187 271 1249 si
298 1183 374 1270 quid
401 1187 481 1273 ipsis
512 1195 598 1250 e'sset
624 1184 840 1267 judicandum.
906 1185 987 1252 Erat
1017 1190 1103 1253 enirn

45 1370 54 1395 ι
93 1290 184 1364 idem
213 1295 486 1363 cennunvirorum
512 1298 698 1375 concilium.
739 1299 826 1391 Hinc
853 1309 965 1363 autem
990 1301 1102 1367 hastae

99 1428 176 1471 usus
204 1410 239 1469 in
268 1426 381 1470 eorum
400 1406 528 1487 judiciis
551 1408 748 1495 explicatur:
779 1428 836 1474 nec
856 1409 949 1473 abest
969 1428 991 1472 a
1013 1430 1104 1490 veru,

97 1532 131 1581 et
152 1529 223 1579 tum
243 1536 316 1580 eam
336 1520 417 1605 poni
439 1519 585 1597 solitam,
617 1540 691 1585 cum
712 1530 839 1583 tantum
859 1515 936 1603 quid
956 1515 1105 1598 judican-

97 1628 176 1693 dum
197 1629 313 1701 suerit,
347 1625 422 1689 licet
442 1648 481 1689 ea
501 1648 554 1693 res
575 1628 664 1693 haud
684 1630 817 1695 omnino
839 1640 925 1695 certe
946 1629 1002 1691 sit.
1044 1627 1104 1693 Ni-

97 1740 149 1802 hil
168 1732 217 1802 e'st
236 1718 344 1819 igitur,
370 1735 456 1821 quod
474 1740 649 1820 miremur,
681 1742 808 1805 hastam
828 1742 919 1804 illam
939 1738 977 1803 in
999 1739 1108 1805 conci·

98 1850 153 1910 liis
174 1848 446 1911 centumuirorum
467 1849 598 1913 solitam
616 1850 652 1913 in
673 1852 814 1933 qualibet
834 1871 880 1929 re,
903 1860 938 1911 et
957 1831 1109 1928 judican-

100 1960 186 2039 tibus
207 1957 286 2044 ipsis
308 1962 501 2025 remansisse
522 1960 629 2023 lixam.
666 1956 714 2020 At
734 1958 845 2021 omnia
866 1968 971 2036 erunt,
994 1959 1028 2021 si
1050 1982 1113 2025 no·

100 2080 200 2133 stram
221 2064 370 2131 admittas
392 2064 561 2165 rationemj
582 2065 1114 2154 tumperepicua,tumexpadita.

77 2170 82 2182 '
185 2176 267 2242 Tam
297 2150 485 2266 posteriori,
529 2198 627 2267 quam
655 2178 757 2265 priori
789 2174 924 2241 debebat
955 2186 1136 2265 tempore,

101 2274 287 2354 basta'esse
306 2290 468 2378 praefixa3
499 2308 790 2376 quamquamlnon
820 2306 933 2369 neges
954 2306 1031 2351 eam
1057 2310 1111 2354 re·

99 2408 224 2465 tentam
246 2404 370 2466 catione
393 2398 477 2487 apud
498 2398 665 2465 Romanos
683 2408 852 2479 consueta,
869 2400 914 2460 ut'
926 2400 1036 2480 magis
1057 2420 1111 2465 so·

102 2512 192 2577 lenni
212 2512 310 2577 modo
333 2519 489 2593 ageretur.
533 2507 631 2573 Nulla
652 2510 744 2573 enirn
762 2508 936 2573 necessitas
957 2520 1029 2573 erat
1048 2531 1110 2573 un-

96 2634 211 2708 ¹quam,
235 2645 296 2707 qua
318 2624 357 2682 ab
378 2621 433 2680 illa
456 2619 560 2680 veteri
583 2617 814 2684 consuetudine
833 2618 1031 2685 recederent.
1053 2620 1111 2687 Ni·

103 2734 223 2797 mirum
251 2728 389 2792 dbficba'
409 2750 476 2791 non
497 2740 623 2814 poterat
644 2729 747 2794 videri
768 2732 894 2793 hastam
914 2751 1056 2816 ponere:
1079 2742 1111 2795 et

19 2870 22 2885 =
103 2839 198 2903 facile
219 2836 334 2917 videri,
360 2860 433 2902 eam
456 2862 522 2903 non
543 2861 712 2904 removere
731 2844 799 2921 jam
819 2841 957 2928 positam
976 2842 1017 2905 in
1036 2862 1110 2906 auo·

27 3008 31 3017 .
103 2951 245 3017 tionibus
270 2947 340 3033 ²¹).
384 2948 450 3015 Nec
478 2955 547 3032 jam
575 2951 710 3031 mirum,
738 2953 770 3015 si
797 2972 831 3016 re
858 2972 935 3017 vera
964 2964 1110 3020 veterum

108 3136 308 3154 Μ
1143 3110 1146 3177 i

107 3242 159 3309 ¹²)
178 3240 253 3294 Cum
274 3257 338 3292 vero
356 3240 433 3294 basta
451 3239 582 3293 bellicum
600 3244 673 3293 casa
687 3237 914 3305 instrumentum,
932 3248 961 3295 et
975 3239 1109 3299 abellan-
1142 3208 1146 3340 f

119 3458 127 3469 .
173 3328 1030 3495 2¹33,‘ttgtttttbttt'ttt‘tttitt
1042 3349 1109 3478 tt

173 3508 299 3578 videtur,
320 3521 353 3569 ut
368 3514 399 3565 in
414 3512 592 3567 auctionibus
608 3511 726 3565 omniuo
742 3523 983 3584 praeponeretur.
1008 3514 1110 3587 qnippe

175 3618 241 3659 eum
258 3613 286 3659 et
301 3602 404 3659 ibidem
426 3602 505 3659 besta
527 3602 562 3657 ad
579 3602 736 3657 dominium
755 3621 849 3659 rerum
867 3604 1064 3676 publicarum,
1080 3622 1110 3659 cr

175 3693 304 3751 hostibus
320 3704 369 3749 aut
383 3696 569 3763 esternisaut
585 3694 705 3749 internis
721 3705 926 3768 perceptarum,
944 3696 1113 3769 pertrahen-

175 3786 209 3841 da
227 3795 305 3839 esset.

108 3876 136 3909 ¹³
146 3882 159 3941 )
179 3872 344 3948 Quomodo
363 3875 439 3943 basra
455 3852 547 3951 posits
565 3876 618 3947 sit,
642 3892 702 3935 nou
717 3892 772 3950 prs
790 3886 866 3935 certe
884 3876 1031 3937 affirmare
1049 3896 1111 3953 pos·
