2400 4328
476 184 519 199 ··-
564 146 630 219 257
669 176 717 221 0.

81 350 165 399 mus
191 334 372 401 enatemus,
405 320 447 388 tie
467 322 623 409 pervariis
644 322 739 386 rebus
758 326 910 411 exponit,
940 338 974 391 et
1001 333 1089 419 ipsae

82 442 169 527 juris
190 436 394 525 quaestiones
414 435 451 499 in
472 452 582 498 earum
602 432 704 497 icisse
723 452 875 499 numero:
903 436 1091 529 ¹⁴)oniqu0
1136 456 1139 463 ·

86 548 291 623 conueniunt
316 546 415 609 ceteri
441 544 612 633 scriptores
619 586 630 619 ,
661 555 696 607 et
722 542 777 629 qui
804 542 845 609 de
866 548 1089 635 anfitpuisstmo

83 678 218 753 qnoque
236 669 385 743 tempore
404 665 516 736 agunt.
543 654 593 719 At
613 651 654 716 de
674 650 818 719 dominio
839 666 947 721 conus
967 682 1010 728 ne
1029 686 1093 730 un.

82 790 186 865 qnam
206 770 409 835 mentionem
429 767 527 845 tacita
546 784 589 829 ne
610 764 705 828 unico
725 763 856 850 waiam
875 768 964 852 loco,
986 796 1091 864 nequo

73 884 293 951 'classicorum
312 877 502 962 scriptorum
522 875 614 939 alius.
662 872 759 957 Quod
781 876 852 962 quis
874 890 938 960 est,
963 886 1019 969 qui
1040 891 1091 953 fa.

79 995 226 1095 rendum
233 998 338 1079 putet,
360 989 390 1051 si
409 985 553 1050 maxime
574 974 608 1050 e't
626 986 721 1050 unice
740 1006 797 1049 eos
816 986 922 1073 primo
943 994 1107 1083 ternpore·

81 1107 129 1171 de
157 1099 313 1166 domnio·
330 1092 524 1177 judicavisse
554 1094 856 1162 existimaverimus.
921 1099 1017 1168 Adeo
1048 1106 1090 1175 da

82 1211 235 1281 dominio
253 1206 369 1273 unicus
390 1215 516 1269 tanum
536 1218 598 1287 eat,
622 1205 737 1286 etGaji
760 1206 892 1293 quidem
911 1211 1000 1278 iocus
1016 1216 1089 1304 ²’):

79 1344 152 1415 qno
174 1338 326 1410 apparere
344 1314 381 1379 id
400 1325 500 1403 puto,
530 1318 570 1380 ab
591 1317 671 1402 ipsis
695 1320 903 1383 centumviris
924 1318 966 1385 da
983 1322 1090 1391 domi-

77 1438 143 1503 nio
164 1428 388 1499 esse-nonnisi
407 1426 571 1491 rarissime
590 1427 784 1515 judicatum,
815 1439 849 1492 et
876 1430 931 1494 vel
957 1447 1087 1521 postero

76 1548 217 1615 demum
235 1554 393 1629 tempore.
407 1575 451 1589 -
472 1536 562 1619 Quin
581 1536 691 1620 Gaius,
715 1541 771 1624 qui
791 1538 833 1603 de
852 1543 964 1607 hastae
986 1550 1106 1630 signi.·

73 1660 233 1725 ficatione
252 1674 346 1719 suam
366 1650 507 1737 explicat
528 1651 741 1729 sententiam,
772 1670 840 1713 non
862 1655 1094 1740 antiquitatem

74 1769 228 1855 replicat,
251 1762 308 1827 sed
329 1782 422 1827 suam
442 1759 546 1847 ipsius
566 1770 715 1825 aetatem.
760 1760 886 1826 Atuero
906 1763 994 1835 idem
1014 1772 1089 1857 pla.

73 1896 164 1943 num
184 1875 278 1949 facit,-
293 1876 418 1939 hastam
440 1892 514 1935 esse
534 1871 663 1951 signum
683 1870 820 1937 dominii
844 1870 915 1957 ⁸⁶);
947 1878 1005 1945 sed
1024 1884 1088 1947 hoc

73 2004 230 2075 temporo
249 1992 379 2063 tamum¹
396 1982 439 2047 de
461 1981 607 2084 dorninio
627 1985 668 2045 ab
688 1984 770 2072 ipsis
791 1982 984 2072 judicatum,
1015 1992 1087 2079 quis

73 2108 230 2167 aeterum
249 2090 445 2161 testimoniis
464 2095 651 2181 exsculpere
672 2082 792 2181 poterit
801 2096 879 2156 '!···-

155 2208 246 2271 ·Jam
263 2224 356 2283 uero,
377 2222 456 2268 num
477 2202 688 2271 vindiciarum
709 2206 926 2271 solennitates.
941 2219 1107 2299 centum-x

73 2322 231 2387 virorum
260 2314 380 2376 fuerint
411 2312 608 2395 injudicio,
641 2314 739 2400 plane
774 2314 953 2395 nescimus3
996 2319 1085 2387 locus

73 2430 175 2497 enim
205 2422 247 2489 tie
274 2412 314 2489 ea
342 2444 380 2489 re
406 2436 513 2490 exsut
542 2425 660 2488 nullus.
705 2423 797 2507 Quas
828 2422 986 2491 adhibitas
1014 2448 1087 2494 esso

73 2534 475 2619 dubitandumtarbitrorz
514 2537 587 2622 quis
622 2536 722 2599 enim'
743 2558 786 2599 ex
817 2540 965 2602 omnibus
999 2552 1086 2605 esset

73 2656 222 2729 electus,
250 2650 308 2735 qui
327 2650 379 2717 att
398 2646 530 2713 Praetor
549 2648 586 2709 in
606 2651 678 2727 jure
697 2649 937 2736 possessionem
958 2648 1088 2714 addice-

73 2760 282 2845 aestateque·
294 2752 409 2823 cinnes
426 2761 592 2847 iecerunt,
614 2778 657 2823 an
678 2760 815 2841 singuli,
837 2781 880 2824 an
901 2759 1084 2840 decemviri,

73 2896 121 2941 an
143 2873 218 2959 ipse
237 2868 395 2935 Praetor?
433 2868 472 2934 Si
493 2872 560 2949 jam
581 2868 692 2935 unicus
712 2848 845 2935 Pnaetor
865 2871 1024 2937 sufficeret
1045 2871 1095 2935 ad·

73 2978 296 3071 peragendam
317 2982 546 3045 solennitatem
564 2981 601 3044 in
621 2979 780 3061 vindiciis,
803 2983 859 3067 qui
871 2982 1001 3063 cogitari
1021 3002 1085 3066 po-

73 3095 166 3175 terit,
188 3092 298 3178 plures
320 3114 401 3180 opus
422 3090 464 3156 ad
484 3090 662 3157 audiendos
683 3088 892 3171 vindicantes,
915 3087 957 3171 ati
969 3087 1088 3154 viden-

73 3203 137 3271 das
170 3200 399 3297 solennitates!
444 3198 730 3269 Centumvirorum
764 3224 836 3269 esse
869 3199 1087 3289 praesentiam

73 3330 210 3382 summe
229 3296 379 3399 inutilem
399 3308 636 3394 adamnano
654 3333 746 3379 secus
765 3325 800 3377 et
820 3310 1086 3378 decemuirorum.

73 3423 166 3499 Mihi
184 3418 321 3509 quidem
338 3419 443 3505 magis
463 3426 628 3511 probabile
648 3436 716 3505 est,
745 3422 877 3490 demum
898 3442 939 3489 eo
958 3432 1088 3509 tempo·

1148 3529 1161 3559 N

76 3614 282 3643 *uu—*⁸¹¹⁸
321 3634 324 3639 .

77 3724 135 3788 ¹⁴)
150 3720 197 3779 ct.
214 3716 349 3793 inprimis
365 3724 509 3775 melotem
524 3717 560 3775 te
575 3728 649 3789 orat,
665 3722 688 3788 1,
703 3718 751 3776 88.
865 3728 868 3735 ·

79 3800 242 3883 ¹⁸)‘Gaius
259 3812 310 3875 1v,
326 3808 372 3869 95.

77 3901 134 3973 ¹⁶)
153 3900 240 3971 Gaius
256 3904 307 3969 tv,
323 3902 368 3959 ta.

112 4009 179 4081 Ttg.
195 4008 234 4065 do
241 4008 398 4081 judicibes.
632 3980 635 3985 Ι
773 3990 813 4060 R
