2400 4328
465 140 778 256 Ἀιμ-

154 364 335 435 uenture
355 360 472 445 agendi
492 364 575 426 ratio
596 363 730 427 nomine
751 365 952 452 exceptionis
971 367 1089 449 veuit,
1112 369 1173 447 sed

49 497 59 507 ‘
154 482 274 567 ubique
294 485 351 539 eut
369 475 474 561 ipsius
497 476 630 537 actionis
652 496 784 556 nomen,
807 489 863 540 aut
872 479 1094 565 replicationis
1116 504 1175 550 η.-

154 594 298 658 tincbot:
325 604 484 673 persaepe
509 607 588 650 vero
611 588 693 650 actio
713 587 803 652 haud
824 591 906 653 alius
926 580 1065 672 driginis
1086 610 1169 679 ent,

154 722 252 790 qnam
279 697 440 783 exceptio.
484 694 526 758 Et
552 699 711 761 formulae
742 700 873 784 quidem
893 703 1025 766 inerant
1047 684 1170 794 excep-

154 816 271 890 tiones,
301 828 374 872 cum
402 808 443 870 iis
471 811 523 887 jus
553 819 640 870 esset
665 810 899 873 constitutum
930 814 1046 877 omnio
1077 819 1170 882 euim

154 924 288 990 Praetor
313 920 509 985 inscribebat
535 919 713 1000 formulae,
757 940 840 1006 quae
865 920 968 986 in're
996 922 1170 1005 judicanda

156 1034 344 1103 riderentur
362 1032 496 1111 alicujus
517 1031 688 1095 momenti.
760 1029 767 1039 '

238 1143 333 1227 Quae
354 1160 428 1206 cum
448 1144 496 1204 ita
515 1142 599 1220 sint,
629 1138 666 1203 id
693 1139 860 1204 effecimus
883 1124 1168 1237 nostra‘dieputa.

154 1259 262 1322 tieuec
293 1254 394 1317 stricti
422 1254 502 1334 juris
522 1252 682 1314 rationem
702 1253 881 1316 obtinuisse
910 1255 1017 1340 primo
1037 1270 1169 1327 tantum

153 1383 318 1456 tempore,
353 1375 387 1426 et
410 1367 513 1427 telem
540 1363 659 1443 fuisse,
692 1374 730 1425 ut
755 1360 856 1442 judex
876 1367 962 1430 nihil
983 1367 1168 1450 adjudicare

154 1489 282 1565 posset,
313 1476 378 1538 nisi
399 1471 486 1561 quod
505 1474 670 1554 litigantes
692 1494 728 1536 se
749 1471 880 1540 daturos
901 1480 1162 1565 promissionem

156 1600 192 1652 ut
214 1585 356 1675 quidem,
379 1586 442 1648 uisi
461 1605 547 1673 quae
567 1585 675 1660 verbis
687 1584 843 1666 inessent,
860 1609 956 1652 nemo
970 1592 1161 1657 contrahen-

156 1705 240 1763 tium
270 1695 452 1761 desiderare
480 1697 595 1780 quiret.
659 1693 858 1783 Coactusque
885 1712 954 1762 erat
983 1700 1086 1784 judex
1117 1706 1164 1768 ite

119 1804 122 1810 ’
155 1814 248 1874 litem
267 1807 458 1888 dijudicare,
483 1819 519 1869 ut
540 1819 573 1869 et
594 1805 699 1888 dolus,
723 1818 757 1871 et
775 1798 898 1887 nictus,
922 1821 956 1872 et
977 1814 1069 1879 fraus
1090 1836 1164 1903 pro-

156 1920 265 1986 desset
287 1921 398 1982 stricto
418 1916 539 1999 judicio
561 1919 712 2001 litiganti,
724 1928 757 1979 et
777 1918 866 1979 nulla
888 1912 1161 2009 egendipoteetu

158 2031 394 2117 circumscripto
423 2040 617 2117 superesset.
656 2026 708 2092 lta
736 2028 825 2091 enim
853 2027 1000 2091 strictum
1019 2037 1079 2111 jus
1101 2047 1162 2103 mr

158 2152 388 2230 comparatum,
411 2152 458 2221 ut,
482 2142 546 2224 nisi
567 2140 705 2226 quaein
725 2137 919 2219 obligatione
940 2158 1159 2227 cernerentur,

156 2259 222 2344 ipsi
248 2276 315 2319 non
341 2263 476 2340 possent
505 2249 628 2345 adesse.
677 2248 758 2312 Erat
783 2248 892 2335 itaque
910 2250 1158 2335 iniquissimum,

143 2371 254 2455 ‘plene
275 2365 429 2451 aequitati
450 2384 486 2425 ec
506 2366 610 2457 bonus
631 2357 710 2422 fidei
720 2360 1081 2429 contrarium-Haec
1089 2386 1159 2431 vero
1196 2299 1200 2427 Ι

156 2477 377 2544 vetustissima
398 2484 467 2534 eret
487 2472 569 2542 ratio
591 2469 692 2530 stricti
711 2470 809 2548 J'uris,
839 2474 971 2556 jamque
993 2472 1157 2555 henderit
1196 2435 1200 2539 Ι

89 2620 93 2625 ·
157 2586 288 2651 difficile
320 2563 501 2667 explicetu,
532 2598 595 2663 qua
624 2577 678 2657 via
707 2566 900 2661 procedente
922 2593 1071 2669 tempo„
1091 2586 1157 2651 μή.
1195 2543 1200 2656 Ι

37 2717 41 2733 ·
159 2708 246 2759 ctum
266 2697 318 2772 jus
339 2700 501 2753 mutatum
521 2688 573 2750 sit.
619 2684 705 2750 Nam
726 2690 825 2751 coacti
846 2690 1101 2779 erantRomani,
1120 2712 1155 2759 ne
1193 2657 1200 2764 Ι

156 2806 267 2889 iniqua
288 2802 413 2865 ratione
432 2799 638 2864 laederentur
658 2809 787 2883 partes,
818 2802 964 2865 strictum
989 2806 1044 2883 jus
1065 2804 1153 2893 stipo.
1192 2768 1200 2856 l

157 2911 255 2977 lando
272 2910 454 2987 circumire:
475 2906 660 2999 stipulando
681 2907 762 2989 dico,
786 2930 822 2972 se
843 2913 931 2975 nolle
946 2913 1177 3003 circumqu-

158 3038 210 3091 tos
232 3044 321 3098 esse,
345 3036 379 3089 et
399 3022 528 3102 dolum,
553 3029 586 3084 et
606 3030 743 3098 metum,
768 3029 802 3079 et
822 3017 969 3086 fraudem
990 3026 1155 3116 praestito-

158 3159 225 3206 roe.
266 3135 377 3222 Atque
398 3146 467 3199 tam
487 3132 564 3214 doli,
587 3152 686 3218 quem
706 3138 815 3195 metus
833 3136 1057 3220 exceptionem
1074 3154 1156 3201 rece-

226 3449 348 3505 tionem:
365 3445 516 3505 invaluisse
532 3463 602 3512 eam,
619 3464 686 3504 cum
702 3443 799 3518 regule·
816 3453 897 3509 essetr
910 3445 1004 3504 bonae
1020 3448 1087 3511 fidei
1100 3466 1156 3527 poe·

228 3558 367 3598 sessorem
383 3538 533 3596 dominum
548 3542 658 3614 putari,
681 3556 718 3594 ne
739 3554 850 3593 summa
866 3537 1003 3611 iniquitas
1021 3543 1170 3607 obtineret·

226 3650 290 3689 rem
305 3650 322 3687 a
338 3630 455 3688 domino
472 3634 531 3686 iton
544 3632 671 3689 retineri.
713 3628 790 3700 Quid
805 3629 935 3703 equidem
952 3634 1094 3709 senthm,
1113 3636 1162 3711 jeu

226 3732 291 3780 nort
306 3722 426 3780 dubium
442 3724 510 3779 erit:
532 3722 664 3795 pluribus
687 3739 748 3778 rem
771 3722 946 3793 perscribere
963 3723 1044 3783 bend
1059 3744 1164 3793 nemete
1190 3686 1200 3834 Ι

225 3816 289 3874 erit.
322 3815 390 3872 Noli
406 3822 501 3870 umen
518 3823 633 3887 putare,
655 3830 753 3868 omnes
777 3814 952 3893 exceptiones
973 3820 1124 3893 portium
1135 3818 1169 3899 ni¹

221 3907 313 3963 stricti
327 3904 535 3976 jurieuagotie,
551 3905 585 3961 tc
603 3906 802 3980 quibusnunc
818 3905 993 3963 disserimus.

685 4088 687 4092 ¹
738 4112 753 4143 t
