2400 4328
539 170 774 237 -268-

151 351 228 417 huic
259 345 308 413 rei
334 343 390 410 vix
420 343 522 406 ullam
542 338 641 405 fidem
661 342 788 424 iecereJ
816 342 1000 411 melisseo
1022 356 1064 411 ut
1086 358 1161 437 pos.

152 474 225 528 sent
246 481 304 525 suo
325 474 415 518 more
444 454 629 535 conjecturis
652 475 687 518 se
708 452 804 532 dere,
827 458 916 521 nulla
936 478 973 521 re
995 458 1160 547 impediti.

151 573 222 639 Vix
241 578 350 631 antem
371 585 444 628 eam
464 586 535 631 rem
554 564 719 645 negligere
734 558 1017 652 poterimds‚·nisi
1042 572 1075 635 ei
1096 592 1162 637 cer·

42 749 47 758 ,
150 683 274 747 msimu
300 687 520 763 repugnarent
548 677 755 740 testimonia:
785 678 940 763 nuspiam·
954 692 1075 747 ,autem
1092 704 1163 747 me·

59 828 63 837 ·
150 788 311 867 moratur,
337 785 553 850 centumviros
575 784 706 849 deesse:
735 797 768 848 et
789 785 932 869 confido,
962 789 1006 855 de
1035 812 1074 857 re
1099 810 1161 857 suo

149 909 295 982 tempore
319 896 386 973 iem
414 893 469 957 diu
498 897 660 977 incognita
692 897 858 962 neminem
886 920 1034 987 unquam
1063 904 1161 968 verbe

148 1006 264 1071 fecisse
285 1006 549 1091 compilatorum,
571 1026 614 1069 ne
634 1007 814 1071 nescientes
834 1011 993 1075 heberent
1014 1012 1112 1077 alios.
1196 1064 1198 1071 .

233 1140 276 1203 Et
295 1161 347 1205 res
367 1160 428 1227 pro
450 1150 535 1203 certe
555 1140 622 1203 fere
643 1146 693 1204 'est
713 1142 872 1226 habenda,
896 1166 970 1210 cum
990 1148 1065 1234 ipse
1087 1148 1159 1215 Jus-

147 1250 289 1316 tiuianus
310 1247 475 1316 dirImeret
486 1252 759 1317 centumuirorum
775 1252 993 1321 dubitationes
1005 1252 1073 1344 ¹⁸).
1092 1254 1159 1325 vix

149 1364 239 1427 enim
260 1371 312 1424 set
332 1363 403 1424 sani
425 1373 474 1424 est
495 1360 646 1441 credere,
667 1358 901 1451 Imperatorem
922 1373 1157 1434 controversiae

149 1471 368 1558 composuisse
388 1474 455 1549 jam
476 1467 531 1531 diu
552 1470 678 1533 relictas
690 1478 804 1551 ‚²cum
825 1478 880 1540 'vel
901 1478 990 1541 nulla
1012 1500 1070 1543 res
1093 1483 1156 1559 ejus

146 1583 337 1648 auctoritate
365 1576 545 1641 dirimenda
574 1578 678 1661 esset,
711 1584 776 1647 nisi
804 1606 885 1671 quae
914 1597 986 1650 tum
1013 1600 1109 1653 mota
1127 1587 1158 1650 iu

145 1701 229 1761 foro.
272 1690 384 1757 Nostri
404 1691 514 1752 eutem
533 1687 705 1754 dissentire
726 1707 859 1761 eatenus
886 1698 971 1761 mihi
992 1697 1155 1778 videntur,

84 1838 86 1842 v
147 1818 304 1895 quatenus
333 1802 370 1865 in
396 1796 506 1863 medio
535 1802 741 1886 relinquunt,·
769 1812 878 1871 utrum
896 1808 1026 1889 longius
1050 1816 1157 1873 essent

148 1914 349 1991 centumviri,
372 1930 469 1996 quam
490 1908 533 1974 ad
554 1909 757 2001 Constantini
777 1926 933 1979 aetatem:
956 1938 1156 2004 quemquam

146 2050 206 2093 nec
227 2026 355 2100 desunt,
376 2023 432 2106 qui
453 2022 581 2127 longius
604 2044 660 2089 eos
681 2027 835 2091 mansisse
855 2024 1053 2088 existiment.
1111 2038 1125 2051 ··

230 2155 431 2224 Centumviri
461 2140 651 2222 addicebant
656 2156 668 2237 ;
699 2152 736 2223 ut
761 2140 1065 2247 persuasummobis
1088 2170 1154 2239 est,

144 2292 196 2337 res
216 2270 253 2349 iu
275 2268 472 2333 auctionibus
495 2271 537 2345 ei,
562 2268 619 2359 qui
639 2248 819 2358 plurimum
831 2252 977 2353 'augeret
999 2252 1062 2330 Ex'·
1077 2289 1153 2357 quo,

145 2381 222 2471 quid
243 2380 283 2446 de
304 2380 420 2445 officiis
442 2402 555 2446 eorum
577 2378 793 2465 colligendum
813 2378 874 2477 sit,
895 2374 1008 2442 vides?
1042 2370 1153 2442 tameu

144 2484 320 2559 veronen
348 2490 395 2552 ita
412 2490 531 2553 strictis
551 2492 707 2556 limitibus
731 2511 843 2555 eorum
863 2486 1150 2575 videturcircutn·

142 2606 296 2693 scriptum
316 2601 417 2662 fuisse
438 2604 615 2683 negotium,
632 2616 668 2668 ut
689 2623 708 2665 a
729 2596 906 2665 uerohaud
927 2596 970 2660 sit
991 2599 1154 2695 alienum,-

142 2714 171 2777 si
182 2724 369 2788 statuamus,
381 2712 417 2772 in
428 2712 524 2775 variis
535 2727 702 2799 praeterea
709 2708 869 2793 ejusmodi
882 2706 1022 2789 negotiis
1046 2710 1146 2789 fuisse

142 2823 348 2897 constitutos,
369 2822 484 2906 populi
505 2825 637 2888 nomine
658 2834 691 2886 et
713 2843 823 2886 curam
843 2820 956 2884 aerarii
976 2819 1143 2901 habentes,

141 2935 230 2999 etin
250 2933 450 3011 auctionibus
473 2946 621 3015 agentes,
651 2931 750 3018 idque
783 2928 1008 2995 affirmandum
1036 2944 1145 2996 estex

71 3036 76 3042 ⁴
138 3042 192 3125 iis,
215 3064 296 3131 quae
318 3042 359 3107 de
380 3041 571 3110 decemviris
593 3043 770 3108 certissima
790 3054 886 3107 sunt:
908 3040 1053 3129 adquae
1073 3066 1143 3132 per·

140 3338 193 3408 ²⁸)
211 3334 234 3391 lt
255 3334 306 3391 ult.
324 3333 357 3391 C.
375 3333 410 3389 de
426 3333 522 3391 beced.
537 3316 636 3408 petite
661 3333 853 3405 „Magnitudo
876 3334 984 3391 etenim
1000 3346 1032 3391 et
1047 3321 1141 3393 eudto-

206 3428 275 3483 ritas
293 3426 503 3483 centumviralis
521 3427 617 3498 iudicii
638 3442 699 3481 non
714 3427 873 3498 petiebatur
888 3445 942 3501 per
957 3427 1027 3483 aliut
1046 3430 1141 3484 tremi·

205 3527 248 3573 tce
271 3519 346 3573 uiam
369 3516 528 3573 hereditatis
552 3519 697 3590 petitionis
720 3517 849 3588 infringi·
888 3518 1018 3590 Cumque
1042 3522 1142 3575 multae

176 3676 179 3681 Ι
205 3608 351 3662 uarietates
368 3620 396 3663 et
412 3610 619 3665 controuersiae
632 3618 742 3668 exortae
758 3620 834 3673 eunt
844 3627 889 3665 ses
905 3621 982 3663 certo
999 3608 1059 3667 fine
1074 3629 1141 3669 con·

207 3696 365 3764 cludentes,
391 3702 569 3755 sancimus.”
603 3700 624 3753 i·
642 3698 670 3755 4.
690 3699 724 3754 C.
747 3698 782 3755 de
805 3701 885 3781 iiber.
909 3712 1015 3773 praet:
1042 3704 1138 3770 „Cum

204 3789 304 3857 etiam¹
320 3789 488 3844 centumviri
518 3790 601 3871 eliam
628 3788 815 3850 diffluentium
836 3792 1113 3858 introduxerunt..
1132 3832 1138 3848 .

200 3882 351 3939 Sensimus
367 3881 500 3953 itaque.”
