<?xml version="1.0" encoding="UTF-8"?>
<!DOCTYPE html PUBLIC "-//W3C//DTD XHTML 1.0 Transitional//EN"
    "http://www.w3.org/TR/xhtml1/DTD/xhtml1-transitional.dtd">
<html xmlns="http://www.w3.org/1999/xhtml" xml:lang="en" lang="en">
 <head>
  <title>
</title>
<meta http-equiv="Content-Type" content="text/html;charset=utf-8" />
  <meta name='ocr-system' content='tesseract 3.04.00' />
  <meta name='ocr-capabilities' content='ocr_page ocr_carea ocr_par ocr_line ocrx_word'/>
</head>
<body>
  <div class='ocr_page' id='page_1' title='image "./dejudicibusapud00tigegoog_0144.png"; bbox 0 0 2400 4328; ppageno 0'>
   <div class='ocr_carea' id='block_1_1' title="bbox 337 136 689 219">
    <p class='ocr_par' dir='ltr' id='par_1_1' title="bbox 337 136 689 219">
     <span class='ocr_line' id='line_1_1' title="bbox 337 136 689 219; baseline -0.037 -6"><span class='ocrx_word' id='word_1_1' title='bbox 337 136 689 219; x_wconf 45' lang='grc' dir='ltr'><strong>ωψ-ιιι..</strong></span> 
     </span>
    </p>
   </div>
   <div class='ocr_carea' id='block_1_2' title="bbox 21 306 1153 3621">
    <p class='ocr_par' dir='ltr' id='par_1_2' title="bbox 57 306 1123 947">
     <span class='ocr_line' id='line_1_2' title="bbox 59 306 1071 402; baseline 0.005 -22"><span class='ocrx_word' id='word_1_2' title='bbox 59 309 211 380; x_wconf 82' lang='lat' dir='ltr'><strong>recedere</strong></span> <span class='ocrx_word' id='word_1_3' title='bbox 240 318 368 399; x_wconf 84' lang='lat' dir='ltr'><strong>poterat</strong></span> <span class='ocrx_word' id='word_1_4' title='bbox 395 306 494 390; x_wconf 79' lang='lat' dir='ltr'><strong>judex</strong></span> <span class='ocrx_word' id='word_1_5' title='bbox 523 308 708 399; x_wconf 74' lang='lat' dir='ltr'>pedaneus,</span> <span class='ocrx_word' id='word_1_6' title='bbox 739 310 912 399; x_wconf 84' lang='lat' dir='ltr'><strong>aequitatis</strong></span> <span class='ocrx_word' id='word_1_7' title='bbox 941 313 1071 402; x_wconf 87' lang='lat' dir='ltr'><strong>quidem</strong></span> 
     </span>
     <span class='ocr_line' id='line_1_3' title="bbox 61 406 1071 519; baseline 0.001 -28"><span class='ocrx_word' id='word_1_8' title='bbox 61 424 258 492; x_wconf 86' lang='lat' dir='ltr'><strong>rationibus:</strong></span> <span class='ocrx_word' id='word_1_9' title='bbox 291 432 398 485; x_wconf 75' lang='lat' dir='ltr'><strong>conus</strong></span> <span class='ocrx_word' id='word_1_10' title='bbox 420 422 449 519; x_wconf 68' lang='lat' dir='ltr'><strong>si</strong></span> <span class='ocrx_word' id='word_1_11' title='bbox 469 444 536 486; x_wconf 90' lang='lat' dir='ltr'><strong>non</strong></span> <span class='ocrx_word' id='word_1_12' title='bbox 556 433 742 511; x_wconf 73' lang='lat' dir='ltr'><strong>appareret,</strong></span> <span class='ocrx_word' id='word_1_13' title='bbox 770 406 831 487; x_wconf 79' lang='lat' dir='ltr'><strong>nec</strong></span> <span class='ocrx_word' id='word_1_14' title='bbox 850 422 998 511; x_wconf 88' lang='lat' dir='ltr'><strong>probaret</strong></span> <span class='ocrx_word' id='word_1_15' title='bbox 1018 451 1071 492; x_wconf 90' lang='lat' dir='ltr'><strong>ac-</strong></span> 
     </span>
     <span class='ocr_line' id='line_1_4' title="bbox 63 531 1070 620; baseline 0.007 -22"><span class='ocrx_word' id='word_1_16' title='bbox 63 550 128 619; x_wconf 85' lang='lat' dir='ltr'><strong>tor,</strong></span> <span class='ocrx_word' id='word_1_17' title='bbox 159 536 255 598; x_wconf 82' lang='lat' dir='ltr'><strong>litem</strong></span> <span class='ocrx_word' id='word_1_18' title='bbox 287 543 355 614; x_wconf 79' lang='lat' dir='ltr'><strong>crat</strong></span> <span class='ocrx_word' id='word_1_19' title='bbox 379 531 580 620; x_wconf 77' lang='lat' dir='ltr'><strong>perditurus.</strong></span> <span class='ocrx_word' id='word_1_20' title='bbox 602 566 645 582; x_wconf 91' lang='lat'>-</span> <span class='ocrx_word' id='word_1_21' title='bbox 664 531 776 620; x_wconf 80' lang='lat' dir='ltr'><strong>Atque</strong></span> <span class='ocrx_word' id='word_1_22' title='bbox 797 536 878 598; x_wconf 88' lang='lat' dir='ltr'><strong>baec</strong></span> <span class='ocrx_word' id='word_1_23' title='bbox 900 548 969 601; x_wconf 84' lang='lat' dir='ltr'><strong>erat</strong></span> <span class='ocrx_word' id='word_1_24' title='bbox 988 541 1070 605; x_wconf 83' lang='lat' dir='ltr'><strong>ratio</strong></span> 
     </span>
     <span class='ocr_line' id='line_1_5' title="bbox 60 642 1123 734; baseline 0.002 -20"><span class='ocrx_word' id='word_1_25' title='bbox 60 646 147 714; x_wconf 78' lang='lat' dir='ltr'><strong>haud</strong></span> <span class='ocrx_word' id='word_1_26' title='bbox 168 665 264 711; x_wconf 88' lang='lat' dir='ltr'><strong>secus</strong></span> <span class='ocrx_word' id='word_1_27' title='bbox 285 644 321 706; x_wconf 88' lang='lat' dir='ltr'><strong>in</strong></span> <span class='ocrx_word' id='word_1_28' title='bbox 342 642 507 725; x_wconf 88' lang='lat' dir='ltr'><strong>fructibus,</strong></span> <span class='ocrx_word' id='word_1_29' title='bbox 523 665 621 730; x_wconf 85' lang='lat' dir='ltr'><strong>quem</strong></span> <span class='ocrx_word' id='word_1_30' title='bbox 639 647 743 711; x_wconf 86' lang='lat' dir='ltr'><strong>usuris</strong></span> <span class='ocrx_word' id='word_1_31' title='bbox 764 646 942 734; x_wconf 87' lang='lat' dir='ltr'><strong>ceterisque</strong></span> <span class='ocrx_word' id='word_1_32' title='bbox 963 669 1068 715; x_wconf 87' lang='lat' dir='ltr'><strong>acces·</strong></span> <span class='ocrx_word' id='word_1_33' title='bbox 1121 702 1123 707; x_wconf 46' lang='lat'><em>2</em></span> 
     </span>
     <span class='ocr_line' id='line_1_6' title="bbox 57 751 442 845; baseline -0.026 -18"><span class='ocrx_word' id='word_1_34' title='bbox 57 751 442 845; x_wconf 83' lang='lat' dir='ltr'><strong>siom&#39;bus&#39;preestandis.</strong></span> 
     </span>
     <span class='ocr_line' id='line_1_7' title="bbox 147 862 1070 947; baseline 0.005 -14"><span class='ocrx_word' id='word_1_35' title='bbox 147 868 223 933; x_wconf 79' lang='lat' dir='ltr'><strong>dam</strong></span> <span class='ocrx_word' id='word_1_36' title='bbox 233 886 315 930; x_wconf 76' lang='lat' dir='ltr'><strong>uero</strong></span> <span class='ocrx_word' id='word_1_37' title='bbox 338 862 379 927; x_wconf 86' lang='lat' dir='ltr'><strong>de</strong></span> <span class='ocrx_word' id='word_1_38' title='bbox 399 867 504 928; x_wconf 85' lang='lat' dir='ltr'><strong>bonae</strong></span> <span class='ocrx_word' id='word_1_39' title='bbox 524 863 602 928; x_wconf 85' lang='lat' dir='ltr'><strong>fidei</strong></span> <span class='ocrx_word' id='word_1_40' title='bbox 622 863 750 947; x_wconf 80' lang='lat' dir='ltr'><strong>iudiciis</strong></span> <span class='ocrx_word' id='word_1_41' title='bbox 770 862 957 938; x_wconf 75' lang='lat' dir='ltr'><strong>videamus:</strong></span> <span class='ocrx_word' id='word_1_42' title='bbox 980 882 1014 936; x_wconf 89' lang='lat' dir='ltr'><strong>et</strong></span> <span class='ocrx_word' id='word_1_43' title='bbox 1033 884 1070 938; x_wconf 88' lang='lat' dir='ltr'><strong>ut</strong></span> 
     </span>
    </p>

    <p class='ocr_par' dir='ltr' id='par_1_3' title="bbox 57 972 1070 1378">
     <span class='ocr_line' id='line_1_8' title="bbox 57 972 1069 1069; baseline 0.001 -25"><span class='ocrx_word' id='word_1_44' title='bbox 57 981 153 1069; x_wconf 87' lang='lat' dir='ltr'><strong>prius</strong></span> <span class='ocrx_word' id='word_1_45' title='bbox 173 980 335 1043; x_wconf 76' lang='lat' dir='ltr'><strong>fluctuum</strong></span> <span class='ocrx_word' id='word_1_46' title='bbox 356 972 624 1041; x_wconf 87' lang='lat' dir='ltr'><strong>consuetudinem</strong></span> <span class='ocrx_word' id='word_1_47' title='bbox 646 976 824 1063; x_wconf 85' lang='lat' dir='ltr'><strong>dispiciam,</strong></span> <span class='ocrx_word' id='word_1_48' title='bbox 848 977 875 1039; x_wconf 88' lang='lat' dir='ltr'><strong>ii</strong></span> <span class='ocrx_word' id='word_1_49' title='bbox 897 981 1069 1062; x_wconf 80' lang='lat' dir='ltr'><strong>obligatio-</strong></span> 
     </span>
     <span class='ocr_line' id='line_1_9' title="bbox 61 1085 1070 1168; baseline 0 -13"><span class='ocrx_word' id='word_1_50' title='bbox 61 1114 100 1155; x_wconf 91' lang='grc' dir='ltr'><strong>ιιι</strong></span> <span class='ocrx_word' id='word_1_51' title='bbox 88 1092 214 1154; x_wconf 88' lang='lat' dir='ltr'><strong>bonae</strong></span> <span class='ocrx_word' id='word_1_52' title='bbox 225 1086 304 1155; x_wconf 85' lang='lat' dir='ltr'><strong>fider</strong></span> <span class='ocrx_word' id='word_1_53' title='bbox 326 1087 538 1168; x_wconf 86' lang='lat' dir='ltr'><strong>advenerunt,</strong></span> <span class='ocrx_word' id='word_1_54' title='bbox 562 1090 625 1152; x_wconf 89' lang='lat' dir='ltr'><strong>etsi</strong></span> <span class='ocrx_word' id='word_1_55' title='bbox 645 1089 735 1152; x_wconf 89' lang='lat' dir='ltr'><strong>nulla</strong></span> <span class='ocrx_word' id='word_1_56' title='bbox 757 1098 843 1150; x_wconf 91' lang='lat' dir='ltr'><strong>esset</strong></span> <span class='ocrx_word' id='word_1_57' title='bbox 865 1085 949 1151; x_wconf 85' lang='lat' dir='ltr'><strong>da&#39;&#39;</strong></span> <span class='ocrx_word' id='word_1_58' title='bbox 926 1107 968 1149; x_wconf 87' lang='lat' dir='ltr'><strong>us</strong></span> <span class='ocrx_word' id='word_1_59' title='bbox 988 1090 1070 1155; x_wconf 87' lang='lat' dir='ltr'><strong>inita</strong></span> 
     </span>
     <span class='ocr_line' id='line_1_10' title="bbox 62 1192 1070 1317; baseline 0 -52"><span class='ocrx_word' id='word_1_60' title='bbox 62 1200 228 1317; x_wconf 72' lang='lat' dir='ltr'><strong>obligatiq.</strong></span> <span class='ocrx_word' id='word_1_61' title='bbox 281 1192 335 1262; x_wconf 90' lang='lat' dir='ltr'><strong>Sic</strong></span> <span class='ocrx_word' id='word_1_62' title='bbox 357 1199 446 1263; x_wconf 87' lang='lat' dir='ltr'><strong>enim</strong></span> <span class='ocrx_word' id='word_1_63' title='bbox 467 1200 621 1288; x_wconf 85' lang='lat' dir='ltr'><strong>scriptum</strong></span> <span class='ocrx_word' id='word_1_64' title='bbox 643 1202 735 1265; x_wconf 87' lang='lat' dir='ltr'><strong>estl.</strong></span> <span class='ocrx_word' id='word_1_65' title='bbox 760 1195 814 1263; x_wconf 87' lang='lat'><strong>38.</strong></span> <span class='ocrx_word' id='word_1_66' title='bbox 839 1199 864 1281; x_wconf 68' lang='lat' dir='ltr'><strong>b.</strong></span> <span class='ocrx_word' id='word_1_67' title='bbox 888 1193 940 1261; x_wconf 81' lang='lat'><strong>15.</strong></span> <span class='ocrx_word' id='word_1_68' title='bbox 964 1196 1005 1261; x_wconf 91' lang='lat' dir='ltr'><strong>D.</strong></span> <span class='ocrx_word' id='word_1_69' title='bbox 1029 1199 1070 1265; x_wconf 90' lang='lat' dir='ltr'><strong>de</strong></span> 
     </span>
     <span class='ocr_line' id='line_1_11' title="bbox 59 1314 985 1378; baseline -0.003 0"><span class='ocrx_word' id='word_1_70' title='bbox 59 1314 191 1378; x_wconf 82' lang='lat' dir='ltr'><strong>usuris:</strong></span> <span class='ocrx_word' id='word_1_71' title='bbox 236 1336 243 1355; x_wconf 95' lang='grc'><strong>·-</strong></span> <span class='ocrx_word' id='word_1_72' title='bbox 957 1324 985 1355; x_wconf 63' lang='grc' dir='ltr'><strong>ι’</strong></span> 
     </span>
    </p>

    <p class='ocr_par' dir='ltr' id='par_1_4' title="bbox 59 1400 1126 1845">
     <span class='ocr_line' id='line_1_12' title="bbox 95 1400 1126 1512; baseline -0.001 -23.993"><span class='ocrx_word' id='word_1_73' title='bbox 95 1426 165 1506; x_wconf 87' lang='lat' dir='ltr'><strong>„in</strong></span> <span class='ocrx_word' id='word_1_74' title='bbox 163 1417 369 1488; x_wconf 78' lang='lat' dir='ltr'><strong>bonuefidei</strong></span> <span class='ocrx_word' id='word_1_75' title='bbox 388 1418 515 1501; x_wconf 79' lang='lat' dir='ltr'><strong>judiciis</strong></span> <span class='ocrx_word' id='word_1_76' title='bbox 537 1400 670 1487; x_wconf 79' lang='lat' dir='ltr'><strong>cimnino</strong></span> <span class='ocrx_word' id='word_1_77' title='bbox 692 1425 813 1487; x_wconf 81' lang='lat' dir='ltr'><strong>fructus</strong></span> <span class='ocrx_word' id='word_1_78' title='bbox 835 1416 1070 1512; x_wconf 83' lang='lat' dir='ltr'><strong>praestantur.&#39;&#39;</strong></span> <span class='ocrx_word' id='word_1_79' title='bbox 1124 1459 1126 1465; x_wconf 94' lang='lat'>·</span> 
     </span>
     <span class='ocr_line' id='line_1_13' title="bbox 59 1522 1070 1622; baseline -0.003 -21"><span class='ocrx_word' id='word_1_80' title='bbox 59 1538 130 1601; x_wconf 89' lang='lat' dir='ltr'><strong>Hoc</strong></span> <span class='ocrx_word' id='word_1_81' title='bbox 151 1547 263 1602; x_wconf 87' lang='lat' dir='ltr'><strong>eutem</strong></span> <span class='ocrx_word' id='word_1_82' title='bbox 284 1534 355 1596; x_wconf 89' lang='lat' dir='ltr'><strong>loco</strong></span> <span class='ocrx_word' id='word_1_83' title='bbox 378 1533 450 1596; x_wconf 89' lang='lat' dir='ltr'><strong>sine</strong></span> <span class='ocrx_word' id='word_1_84' title='bbox 478 1536 545 1597; x_wconf 86' lang='lat' dir='ltr'><strong>ulla</strong></span> <span class='ocrx_word' id='word_1_85' title='bbox 567 1536 757 1622; x_wconf 84' lang='lat' dir='ltr'><strong>exceptione</strong></span> <span class='ocrx_word' id='word_1_86' title='bbox 779 1556 831 1598; x_wconf 87' lang='lat' dir='ltr'><strong>res</strong></span> <span class='ocrx_word' id='word_1_87' title='bbox 854 1544 963 1597; x_wconf 82' lang='lat' dir='ltr'><strong>nostra</strong></span> <span class='ocrx_word' id='word_1_88' title='bbox 983 1522 1070 1598; x_wconf 77' lang='lat' dir='ltr'><strong>edita</strong></span> 
     </span>
     <span class='ocr_line' id='line_1_14' title="bbox 60 1642 1069 1739; baseline -0.002 -27"><span class='ocrx_word' id='word_1_89' title='bbox 60 1658 132 1728; x_wconf 79' lang='lat' dir='ltr'><strong>est3</strong></span> <span class='ocrx_word' id='word_1_90' title='bbox 159 1648 198 1709; x_wconf 87' lang='lat' dir='ltr'><strong>in</strong></span> <span class='ocrx_word' id='word_1_91' title='bbox 220 1642 357 1708; x_wconf 88' lang='lat' dir='ltr'><strong>eandem</strong></span> <span class='ocrx_word' id='word_1_92' title='bbox 376 1646 425 1739; x_wconf 85' lang='lat' dir='ltr'><strong>rei</strong></span> <span class='ocrx_word' id='word_1_93' title='bbox 447 1645 546 1710; x_wconf 88' lang='lat' dir='ltr'><strong>fidem</strong></span> <span class='ocrx_word' id='word_1_94' title='bbox 567 1644 706 1710; x_wconf 87' lang='lat' dir='ltr'><strong>addendi</strong></span> <span class='ocrx_word' id='word_1_95' title='bbox 727 1657 804 1710; x_wconf 86' lang='lat' dir='ltr'><strong>sunt</strong></span> <span class='ocrx_word' id='word_1_96' title='bbox 826 1644 882 1707; x_wconf 84' lang='lat' dir='ltr'><strong>alii</strong></span> <span class='ocrx_word' id='word_1_97' title='bbox 903 1645 982 1726; x_wconf 92' lang='lat' dir='ltr'><strong>loci,</strong></span> <span class='ocrx_word' id='word_1_98' title='bbox 1014 1647 1069 1732; x_wconf 88' lang='lat' dir='ltr'><strong>qui</strong></span> 
     </span>
     <span class='ocr_line' id='line_1_15' title="bbox 64 1752 971 1845; baseline -0.004 -24"><span class='ocrx_word' id='word_1_99' title='bbox 64 1756 107 1821; x_wconf 89' lang='lat' dir='ltr'><strong>de</strong></span> <span class='ocrx_word' id='word_1_100' title='bbox 128 1757 261 1837; x_wconf 77' lang='lat' dir='ltr'><strong>singulis</strong></span> <span class='ocrx_word' id='word_1_101' title='bbox 281 1758 384 1819; x_wconf 88' lang='lat' dir='ltr'><strong>bonae</strong></span> <span class='ocrx_word' id='word_1_102' title='bbox 405 1754 482 1821; x_wconf 87' lang='lat' dir='ltr'><strong>fidei</strong></span> <span class='ocrx_word' id='word_1_103' title='bbox 502 1754 678 1822; x_wconf 79' lang='lat' dir='ltr'><strong>actionibus</strong></span> <span class='ocrx_word' id='word_1_104' title='bbox 699 1758 888 1845; x_wconf 85' lang='lat' dir='ltr'><strong>perbibent:</strong></span> <span class='ocrx_word' id='word_1_105' title='bbox 968 1752 971 1757; x_wconf 82' lang='grc'><strong>’</strong></span> 
     </span>
    </p>

    <p class='ocr_par' dir='ltr' id='par_1_5' title="bbox 108 1862 1070 1957">
     <span class='ocr_line' id='line_1_16' title="bbox 108 1862 1070 1957; baseline 0.001 -28"><span class='ocrx_word' id='word_1_106' title='bbox 108 1868 132 1931; x_wconf 92' lang='grc'><strong>1.</strong></span> <span class='ocrx_word' id='word_1_107' title='bbox 157 1865 189 1930; x_wconf 86' lang='grc'><strong>9.</strong></span> <span class='ocrx_word' id='word_1_108' title='bbox 213 1862 248 1957; x_wconf 77' lang='lat' dir='ltr'><strong>G.</strong></span> <span class='ocrx_word' id='word_1_109' title='bbox 270 1867 346 1929; x_wconf 86' lang='lat' dir='ltr'><strong>fam.</strong></span> <span class='ocrx_word' id='word_1_110' title='bbox 367 1868 497 1933; x_wconf 79' lang='lat' dir='ltr'><strong>ercisc:</strong></span> <span class='ocrx_word' id='word_1_111' title='bbox 520 1890 612 1949; x_wconf 91' lang='lat' dir='ltr'><strong>„non</strong></span> <span class='ocrx_word' id='word_1_112' title='bbox 634 1863 685 1945; x_wconf 78' lang='lat' dir='ltr'><strong>est</strong></span> <span class='ocrx_word' id='word_1_113' title='bbox 707 1868 902 1950; x_wconf 81' lang='lat' dir='ltr'><strong>ambiguum,</strong></span> <span class='ocrx_word' id='word_1_114' title='bbox 925 1888 997 1931; x_wconf 90' lang='lat' dir='ltr'><strong>cum</strong></span> <span class='ocrx_word' id='word_1_115' title='bbox 1018 1869 1070 1930; x_wconf 89' lang='lat' dir='ltr'><strong>fa·</strong></span> 
     </span>
    </p>

    <p class='ocr_par' dir='ltr' id='par_1_6' title="bbox 105 1975 1071 2059">
     <span class='ocr_line' id='line_1_17' title="bbox 105 1975 1071 2059; baseline -0.001 -17"><span class='ocrx_word' id='word_1_116' title='bbox 105 1978 217 2042; x_wconf 87' lang='lat' dir='ltr'><strong>miliae</strong></span> <span class='ocrx_word' id='word_1_117' title='bbox 245 1975 446 2041; x_wconf 78' lang='lat' dir='ltr'><strong>erciscundae</strong></span> <span class='ocrx_word' id='word_1_118' title='bbox 476 1978 590 2043; x_wconf 86' lang='lat' dir='ltr'><strong>titulus</strong></span> <span class='ocrx_word' id='word_1_119' title='bbox 617 1979 703 2043; x_wconf 88' lang='lat' dir='ltr'><strong>inter</strong></span> <span class='ocrx_word' id='word_1_120' title='bbox 731 1981 834 2043; x_wconf 89' lang='lat' dir='ltr'><strong>bonae</strong></span> <span class='ocrx_word' id='word_1_121' title='bbox 855 1977 932 2042; x_wconf 84' lang='lat' dir='ltr'><strong>fidei</strong></span> <span class='ocrx_word' id='word_1_122' title='bbox 952 1977 1071 2059; x_wconf 86' lang='lat' dir='ltr'><strong>judicie</strong></span> 
     </span>
    </p>

    <p class='ocr_par' dir='ltr' id='par_1_7' title="bbox 66 2087 1070 2281">
     <span class='ocr_line' id='line_1_18' title="bbox 103 2087 1070 2176; baseline 0.003 -25"><span class='ocrx_word' id='word_1_123' title='bbox 103 2099 305 2168; x_wconf 77' lang='lat' dir='ltr'><strong>numeretur,</strong></span> <span class='ocrx_word' id='word_1_124' title='bbox 326 2090 508 2175; x_wconf 82' lang='lat' dir='ltr'><strong>portionem</strong></span> <span class='ocrx_word' id='word_1_125' title='bbox 518 2088 720 2168; x_wconf 82' lang='lat' dir='ltr'><strong>hereditatis,</strong></span> <span class='ocrx_word' id='word_1_126' title='bbox 743 2091 773 2153; x_wconf 87' lang='lat' dir='ltr'><strong>si</strong></span> <span class='ocrx_word' id='word_1_127' title='bbox 794 2110 857 2176; x_wconf 85' lang='lat' dir='ltr'><strong>qua</strong></span> <span class='ocrx_word' id='word_1_128' title='bbox 877 2087 919 2154; x_wconf 86' lang='lat' dir='ltr'><strong>ad</strong></span> <span class='ocrx_word' id='word_1_129' title='bbox 939 2097 973 2151; x_wconf 88' lang='lat' dir='ltr'><strong>te</strong></span> <span class='ocrx_word' id='word_1_130' title='bbox 994 2109 1070 2175; x_wconf 69' lang='lat' dir='ltr'><strong>per«</strong></span> 
     </span>
     <span class='ocr_line' id='line_1_19' title="bbox 66 2178 757 2281; baseline 0 -20"><span class='ocrx_word' id='word_1_131' title='bbox 66 2234 78 2261; x_wconf 66' lang='grc' dir='ltr'><strong>ι</strong></span> <span class='ocrx_word' id='word_1_132' title='bbox 107 2200 206 2276; x_wconf 87' lang='lat' dir='ltr'><strong>tinet,</strong></span> <span class='ocrx_word' id='word_1_133' title='bbox 220 2198 410 2261; x_wconf 84' lang='lat' dir='ltr'><strong>luerimento</strong></span> <span class='ocrx_word' id='word_1_134' title='bbox 425 2178 593 2263; x_wconf 68' lang='lat' dir='ltr'><strong>¹fructuum</strong></span> <span class='ocrx_word' id='word_1_135' title='bbox 615 2198 757 2281; x_wconf 82' lang='lat' dir='ltr'><strong>augeri.”</strong></span> 
     </span>
    </p>

    <p class='ocr_par' dir='ltr' id='par_1_8' title="bbox 112 2303 1072 2397">
     <span class='ocr_line' id='line_1_20' title="bbox 112 2303 1072 2397; baseline 0.001 -25"><span class='ocrx_word' id='word_1_136' title='bbox 112 2305 197 2375; x_wconf 87' lang='lat'><strong>1.1</strong></span> <span class='ocrx_word' id='word_1_137' title='bbox 220 2309 247 2391; x_wconf 66' lang='lat' dir='ltr'><strong>b.</strong></span> <span class='ocrx_word' id='word_1_138' title='bbox 269 2303 323 2370; x_wconf 78' lang='lat'><strong>23.</strong></span> <span class='ocrx_word' id='word_1_139' title='bbox 347 2303 390 2372; x_wconf 89' lang='lat' dir='ltr'><strong>D.</strong></span> <span class='ocrx_word' id='word_1_140' title='bbox 412 2306 567 2397; x_wconf 81' lang='lat' dir='ltr'><strong>depositi.</strong></span> <span class='ocrx_word' id='word_1_141' title='bbox 591 2308 712 2390; x_wconf 88' lang='lat' dir='ltr'><strong>„Hanc</strong></span> <span class='ocrx_word' id='word_1_142' title='bbox 733 2308 891 2371; x_wconf 86' lang='lat' dir='ltr'><strong>actionem</strong></span> <span class='ocrx_word' id='word_1_143' title='bbox 906 2307 1072 2373; x_wconf 84' lang='lat' dir='ltr'><strong>bonaefl-</strong></span> 
     </span>
    </p>

    <p class='ocr_par' dir='ltr' id='par_1_9' title="bbox 107 2412 1072 2548">
     <span class='ocr_line' id='line_1_21' title="bbox 107 2412 1072 2548; baseline -0.004 -64"><span class='ocrx_word' id='word_1_144' title='bbox 107 2418 166 2484; x_wconf 90' lang='lat' dir='ltr'><strong>dei</strong></span> <span class='ocrx_word' id='word_1_145' title='bbox 189 2438 260 2483; x_wconf 85' lang='lat' dir='ltr'><strong>esse</strong></span> <span class='ocrx_word' id='word_1_146' title='bbox 280 2412 415 2484; x_wconf 85' lang='lat' dir='ltr'><strong>dubitari</strong></span> <span class='ocrx_word' id='word_1_147' title='bbox 433 2442 500 2486; x_wconf 88' lang='lat' dir='ltr'><strong>uon</strong></span> <span class='ocrx_word' id='word_1_148' title='bbox 522 2431 658 2510; x_wconf 84' lang='lat' dir='ltr'><strong>oportet.</strong></span> <span class='ocrx_word' id='word_1_149' title='bbox 661 2419 681 2453; x_wconf 87' lang='lat'><strong>&#39;’</strong></span> <span class='ocrx_word' id='word_1_150' title='bbox 709 2421 734 2505; x_wconf 71' lang='lat'><strong>§-</strong></span> <span class='ocrx_word' id='word_1_151' title='bbox 756 2418 832 2487; x_wconf 78' lang='lat'><strong>24..</strong></span> <span class='ocrx_word' id='word_1_152' title='bbox 854 2415 920 2499; x_wconf 84' lang='lat' dir='ltr'><strong>„Et</strong></span> <span class='ocrx_word' id='word_1_153' title='bbox 941 2413 1016 2548; x_wconf 83' lang='lat' dir='ltr'><strong>ideo</strong></span> <span class='ocrx_word' id='word_1_154' title='bbox 1037 2427 1072 2480; x_wconf 87' lang='lat' dir='ltr'><strong>et</strong></span> 
     </span>
    </p>

    <p class='ocr_par' dir='ltr' id='par_1_10' title="bbox 21 2529 1153 3621">
     <span class='ocr_line' id='line_1_22' title="bbox 102 2529 438 2598; baseline -0.013 0"><span class='ocrx_word' id='word_1_155' title='bbox 102 2536 232 2598; x_wconf 84' lang='lat' dir='ltr'><strong>fructus</strong></span> <span class='ocrx_word' id='word_1_156' title='bbox 252 2531 375 2595; x_wconf 81' lang='lat' dir='ltr'><strong>venire.</strong></span> <span class='ocrx_word' id='word_1_157' title='bbox 386 2529 438 2563; x_wconf 82' lang='lat'><strong>’&#39;</strong></span> 
     </span>
     <span class='ocr_line' id='line_1_23' title="bbox 53 2612 1072 2732; baseline -0.005 -22"><span class='ocrx_word' id='word_1_158' title='bbox 53 2612 194 2732; x_wconf 87' lang='lat' dir='ltr'><strong>Quibus</strong></span> <span class='ocrx_word' id='word_1_159' title='bbox 222 2663 276 2707; x_wconf 90' lang='lat' dir='ltr'><strong>me</strong></span> <span class='ocrx_word' id='word_1_160' title='bbox 302 2645 457 2731; x_wconf 82' lang='lat' dir='ltr'><strong>probasse</strong></span> <span class='ocrx_word' id='word_1_161' title='bbox 485 2641 640 2725; x_wconf 79' lang='lat' dir='ltr'><strong>arbitror,</strong></span> <span class='ocrx_word' id='word_1_162' title='bbox 672 2639 824 2706; x_wconf 86' lang='lat' dir='ltr'><strong>fructus</strong></span> <span class='ocrx_word' id='word_1_163' title='bbox 813 2664 848 2704; x_wconf 92' lang='grc' dir='ltr'><strong>ιιι</strong></span> <span class='ocrx_word' id='word_1_164' title='bbox 854 2642 973 2706; x_wconf 87' lang='lat' dir='ltr'><strong>bonae</strong></span> <span class='ocrx_word' id='word_1_165' title='bbox 992 2637 1072 2706; x_wconf 85' lang='lat' dir='ltr'><strong>fidei</strong></span> 
     </span>
     <span class='ocr_line' id='line_1_24' title="bbox 52 2752 1073 2847; baseline -0.002 -27"><span class='ocrx_word' id='word_1_166' title='bbox 52 2756 193 2844; x_wconf 85' lang='lat' dir='ltr'><strong>judiciis</strong></span> <span class='ocrx_word' id='word_1_167' title='bbox 222 2753 426 2841; x_wconf 80' lang='lat' dir='ltr'><strong>accipiendos</strong></span> <span class='ocrx_word' id='word_1_168' title='bbox 454 2767 585 2843; x_wconf 86' lang='lat' dir='ltr'><strong>propter</strong></span> <span class='ocrx_word' id='word_1_169' title='bbox 612 2773 737 2819; x_wconf 85' lang='lat' dir='ltr'><strong>meram</strong></span> <span class='ocrx_word' id='word_1_170' title='bbox 765 2755 977 2847; x_wconf 83' lang='lat' dir='ltr'><strong>aequitatem,</strong></span> <span class='ocrx_word' id='word_1_171' title='bbox 1010 2752 1073 2818; x_wconf 86' lang='lat' dir='ltr'><strong>etsi</strong></span> 
     </span>
     <span class='ocr_line' id='line_1_25' title="bbox 50 2862 1073 2954; baseline -0.005 -23"><span class='ocrx_word' id='word_1_172' title='bbox 50 2875 153 2954; x_wconf 86' lang='lat' dir='ltr'><strong>justa</strong></span> <span class='ocrx_word' id='word_1_173' title='bbox 172 2862 214 2928; x_wconf 89' lang='lat' dir='ltr'><strong>de</strong></span> <span class='ocrx_word' id='word_1_174' title='bbox 229 2865 271 2927; x_wconf 88' lang='lat' dir='ltr'><strong>iis</strong></span> <span class='ocrx_word' id='word_1_175' title='bbox 292 2874 326 2928; x_wconf 88' lang='lat' dir='ltr'><strong>et</strong></span> <span class='ocrx_word' id='word_1_176' title='bbox 347 2865 501 2947; x_wconf 84' lang='lat' dir='ltr'><strong>obligatio</strong></span> <span class='ocrx_word' id='word_1_177' title='bbox 523 2865 659 2941; x_wconf 88' lang='lat' dir='ltr'><strong>deesset,</strong></span> <span class='ocrx_word' id='word_1_178' title='bbox 684 2876 717 2928; x_wconf 88' lang='lat' dir='ltr'><strong>et</strong></span> <span class='ocrx_word' id='word_1_179' title='bbox 739 2864 842 2927; x_wconf 87' lang='lat' dir='ltr'><strong>actio:</strong></span> <span class='ocrx_word' id='word_1_180' title='bbox 863 2862 1015 2949; x_wconf 90' lang='lat' dir='ltr'><strong>idemque</strong></span> <span class='ocrx_word' id='word_1_181' title='bbox 1036 2865 1073 2926; x_wconf 91' lang='lat' dir='ltr'><strong>in</strong></span> 
     </span>
     <span class='ocr_line' id='line_1_26' title="bbox 53 2969 1103 3045; baseline -0.008 -2"><span class='ocrx_word' id='word_1_182' title='bbox 53 2977 216 3045; x_wconf 84' lang='lat' dir='ltr'><strong>omnibus</strong></span> <span class='ocrx_word' id='word_1_183' title='bbox 245 2979 354 3040; x_wconf 80' lang='lat' dir='ltr'><strong>bonae</strong></span> <span class='ocrx_word' id='word_1_184' title='bbox 376 2975 455 3039; x_wconf 87' lang='lat' dir='ltr'><strong>fidei</strong></span> <span class='ocrx_word' id='word_1_185' title='bbox 482 2978 692 3039; x_wconf 86' lang='lat' dir='ltr'><strong>contractibus</strong></span> <span class='ocrx_word' id='word_1_186' title='bbox 713 2972 884 3038; x_wconf 88' lang='lat' dir='ltr'><strong>dicendum</strong></span> <span class='ocrx_word' id='word_1_187' title='bbox 907 2984 965 3036; x_wconf 87' lang='lat' dir='ltr'><strong>est.</strong></span> <span class='ocrx_word' id='word_1_188' title='bbox 1007 2969 1072 3039; x_wconf 69' lang='lat' dir='ltr'><strong>Ee·</strong></span> <span class='ocrx_word' id='word_1_189' title='bbox 1101 3038 1103 3043; x_wconf 74' lang='grc'>,</span> 
     </span>
     <span class='ocr_line' id='line_1_27' title="bbox 21 3083 1074 3179; baseline -0.011 -24"><span class='ocrx_word' id='word_1_190' title='bbox 21 3174 25 3179; x_wconf 31' lang='grc'>,</span> <span class='ocrx_word' id='word_1_191' title='bbox 54 3091 143 3155; x_wconf 87' lang='lat' dir='ltr'><strong>dem</strong></span> <span class='ocrx_word' id='word_1_192' title='bbox 163 3109 242 3152; x_wconf 85' lang='lat' dir='ltr'><strong>vero</strong></span> <span class='ocrx_word' id='word_1_193' title='bbox 259 3087 377 3171; x_wconf 71' lang='lat' dir='ltr'><strong>regule</strong></span> <span class='ocrx_word' id='word_1_194' title='bbox 399 3086 439 3151; x_wconf 88' lang='lat' dir='ltr'><strong>de</strong></span> <span class='ocrx_word' id='word_1_195' title='bbox 461 3086 566 3151; x_wconf 87' lang='lat' dir='ltr'><strong>usuris</strong></span> <span class='ocrx_word' id='word_1_196' title='bbox 590 3083 784 3151; x_wconf 87' lang='lat' dir='ltr'><strong>conficienda</strong></span> <span class='ocrx_word' id='word_1_197' title='bbox 806 3084 875 3164; x_wconf 86' lang='lat' dir='ltr'><strong>erit,</strong></span> <span class='ocrx_word' id='word_1_198' title='bbox 899 3102 973 3146; x_wconf 90' lang='lat' dir='ltr'><strong>cum</strong></span> <span class='ocrx_word' id='word_1_199' title='bbox 994 3101 1074 3146; x_wconf 85' lang='lat' dir='ltr'><strong>usu-</strong></span> 
     </span>
     <span class='ocr_line' id='line_1_28' title="bbox 58 3184 1074 3277; baseline -0.009 -13"><span class='ocrx_word' id='word_1_200' title='bbox 58 3220 131 3271; x_wconf 82' lang='lat' dir='ltr'><strong>rao¹</strong></span> <span class='ocrx_word' id='word_1_201' title='bbox 157 3210 189 3263; x_wconf 87' lang='lat' dir='ltr'><strong>et</strong></span> <span class='ocrx_word' id='word_1_202' title='bbox 209 3201 331 3264; x_wconf 83' lang='lat' dir='ltr'><strong>fructus</strong></span> <span class='ocrx_word' id='word_1_203' title='bbox 354 3200 440 3263; x_wconf 88' lang='lat' dir='ltr'><strong>nihil</strong></span> <span class='ocrx_word' id='word_1_204' title='bbox 459 3199 600 3267; x_wconf 88' lang='lat' dir='ltr'><strong>multum</strong></span> <span class='ocrx_word' id='word_1_205' title='bbox 621 3201 707 3263; x_wconf 85' lang='lat' dir='ltr'><strong>inter</strong></span> <span class='ocrx_word' id='word_1_206' title='bbox 729 3218 765 3261; x_wconf 86' lang='lat' dir='ltr'><strong>se</strong></span> <span class='ocrx_word' id='word_1_207' title='bbox 786 3195 936 3267; x_wconf 82' lang='lat' dir='ltr'><strong>different</strong></span> <span class='ocrx_word' id='word_1_208' title='bbox 960 3184 1010 3277; x_wconf 76' lang='lat'><strong>³),</strong></span> <span class='ocrx_word' id='word_1_209' title='bbox 1037 3192 1074 3255; x_wconf 87' lang='lat' dir='ltr'><strong>in</strong></span> 
     </span>
     <span class='ocr_line' id='line_1_29' title="bbox 54 3306 1153 3396; baseline -0.011 -20"><span class='ocrx_word' id='word_1_210' title='bbox 54 3318 179 3379; x_wconf 80' lang='lat' dir='ltr'><strong>nostre</strong></span> <span class='ocrx_word' id='word_1_211' title='bbox 204 3312 396 3395; x_wconf 82' lang='lat' dir='ltr'><strong>praesertim</strong></span> <span class='ocrx_word' id='word_1_212' title='bbox 424 3313 644 3396; x_wconf 82' lang='lat' dir='ltr'><strong>quaestione.</strong></span> <span class='ocrx_word' id='word_1_213' title='bbox 669 3308 820 3373; x_wconf 87' lang='lat' dir='ltr'><strong>Redeunt</strong></span> <span class='ocrx_word' id='word_1_214' title='bbox 849 3328 942 3372; x_wconf 87' lang='lat' dir='ltr'><strong>vero</strong></span> <span class='ocrx_word' id='word_1_215' title='bbox 959 3323 1075 3368; x_wconf 78' lang='lat' dir='ltr'><strong>usurae</strong></span> <span class='ocrx_word' id='word_1_216' title='bbox 1127 3306 1153 3381; x_wconf 59' lang='lat' dir='ltr'>J</span> 
     </span>
     <span class='ocr_line' id='line_1_30' title="bbox 39 3405 1075 3549; baseline -0.016 -56"><span class='ocrx_word' id='word_1_217' title='bbox 39 3428 99 3505; x_wconf 50' lang='lat' dir='ltr'><strong>,in</strong></span> <span class='ocrx_word' id='word_1_218' title='bbox 123 3420 321 3487; x_wconf 81' lang='lat' dir='ltr'><strong>boueettdei</strong></span> <span class='ocrx_word' id='word_1_219' title='bbox 341 3405 479 3549; x_wconf 74' lang='lat' dir='ltr'><strong>judiciis,</strong></span> <span class='ocrx_word' id='word_1_220' title='bbox 501 3419 538 3487; x_wconf 81' lang='lat' dir='ltr'><strong>id</strong></span> <span class='ocrx_word' id='word_1_221' title='bbox 554 3420 641 3508; x_wconf 86' lang='lat' dir='ltr'><strong>quud</strong></span> <span class='ocrx_word' id='word_1_222' title='bbox 662 3422 842 3491; x_wconf 79' lang='lat' dir='ltr'><strong>certissime</strong></span> <span class='ocrx_word' id='word_1_223' title='bbox 861 3415 1002 3511; x_wconf 81' lang='lat' dir='ltr'><strong>produnt</strong></span> <span class='ocrx_word' id='word_1_224' title='bbox 1023 3435 1075 3478; x_wconf 87' lang='lat' dir='ltr'><strong>ar-</strong></span> 
     </span>
     <span class='ocr_line' id='line_1_31' title="bbox 52 3532 1020 3621; baseline -0.006 -22"><span class='ocrx_word' id='word_1_225' title='bbox 52 3543 243 3621; x_wconf 80' lang='lat' dir='ltr'><strong>gumentar</strong></span> <span class='ocrx_word' id='word_1_226' title='bbox 1003 3532 1020 3569; x_wconf 53' lang='lat'><em>2</em></span> 
     </span>
    </p>
   </div>
   <div class='ocr_carea' id='block_1_3' title="bbox 53 3700 271 3726">
    <p class='ocr_par' dir='ltr' id='par_1_11' title="bbox 53 3700 271 3726">
     <span class='ocr_line' id='line_1_32' title="bbox 53 3700 271 3726; baseline -0.032 -5"><span class='ocrx_word' id='word_1_227' title='bbox 53 3700 271 3726; x_wconf 52' lang='grc' dir='ltr'><strong><em>Μ</em></strong></span> 
     </span>
    </p>
   </div>
   <div class='ocr_carea' id='block_1_4' title="bbox 55 3791 1080 3951">
    <p class='ocr_par' dir='ltr' id='par_1_12' title="bbox 55 3791 1080 3949">
     <span class='ocr_line' id='line_1_33' title="bbox 55 3791 1080 3907; baseline -0.019 -42"><span class='ocrx_word' id='word_1_228' title='bbox 55 3810 101 3875; x_wconf 81' lang='grc'><strong>’)</strong></span> <span class='ocrx_word' id='word_1_229' title='bbox 134 3802 246 3857; x_wconf 75' lang='lat' dir='ltr'><strong>Usum</strong></span> <span class='ocrx_word' id='word_1_230' title='bbox 270 3804 359 3860; x_wconf 70' lang='lat' dir='ltr'><strong>uicem</strong></span> <span class='ocrx_word' id='word_1_231' title='bbox 383 3803 527 3907; x_wconf 76' lang='lat' dir='ltr'><strong>fructuum</strong></span> <span class='ocrx_word' id='word_1_232' title='bbox 552 3802 679 3862; x_wconf 74' lang='lat' dir='ltr'><strong>obtinere</strong></span> <span class='ocrx_word' id='word_1_233' title='bbox 705 3800 811 3858; x_wconf 80' lang='lat' dir='ltr'><strong>dictum</strong></span> <span class='ocrx_word' id='word_1_234' title='bbox 836 3798 914 3855; x_wconf 81' lang='lat' dir='ltr'><strong>esti</strong></span> <span class='ocrx_word' id='word_1_235' title='bbox 931 3795 974 3853; x_wconf 77' lang='grc'><strong>31</strong></span> <span class='ocrx_word' id='word_1_236' title='bbox 991 3794 1027 3852; x_wconf 90' lang='lat' dir='ltr'><strong>D.</strong></span> <span class='ocrx_word' id='word_1_237' title='bbox 1045 3791 1080 3849; x_wconf 83' lang='lat' dir='ltr'><strong>de</strong></span> 
     </span>
     <span class='ocr_line' id='line_1_34' title="bbox 137 3896 639 3951; baseline -0.02 -4"><span class='ocrx_word' id='word_1_238' title='bbox 137 3896 245 3951; x_wconf 81' lang='lat' dir='ltr'><strong>usuris.</strong></span> <span class='ocrx_word' id='word_1_239' title='bbox 540 3920 545 3926; x_wconf 89' lang='lat'><em>-</em></span> <span class='ocrx_word' id='word_1_240' title='bbox 635 3920 639 3927; x_wconf 85' lang='lat'>-</span> 
     </span>
    </p>
   </div>
   <div class='ocr_carea' id='block_1_5' title="bbox 629 4100 776 4136">
    <p class='ocr_par' dir='ltr' id='par_1_13' title="bbox 629 4100 776 4136">
     <span class='ocr_line' id='line_1_35' title="bbox 629 4100 776 4136; baseline -0.02 -18"><span class='ocrx_word' id='word_1_241' title='bbox 629 4100 776 4136; x_wconf 82' lang='lat'><strong>.,.</strong></span> 
     </span>
    </p>
   </div>
   <div class='ocr_carea' id='block_1_6' title="bbox 0 0 1209 4328">
    <p class='ocr_par' dir='ltr' id='par_1_14' title="bbox 0 0 1209 4328">
     <span class='ocr_line' id='line_1_36' title="bbox 0 0 1209 4328; baseline 0 0"><span class='ocrx_word' id='word_1_242' title='bbox 0 0 1209 4328; x_wconf 95' lang='lat' dir='ltr'><strong> </strong></span> 
     </span>
    </p>
   </div>
  </div>
 </body>
</html>
