2400 4328
510 156 554 173 -
597 106 662 191 190
701 131 762 175 -·

102 372 104 376 ,
142 346 148 355 .
174 296 179 305 ’
205 298 275 365 Nec
295 316 333 360 ea
355 307 404 360 est
422 297 585 361 tentantia
602 292 732 365 Ernesti
755 294 805 378 ⁴),
832 308 869 363 ut
897 318 968 363 eam
988 267 1123 389 probare

116 410 295 498 possimus.
318 404 386 494 Ipsi
405 418 674 495 persuasum-est,
696 420 936 495 recuperatores
956 432 1021 476 non
1041 414 1121 503 alios

115 542 200 600 esse,
216 530 314 611 quam
325 516 561 599 centumviros3
579 511 1081 603 ejusque-sententiaeflacchium
1092 528 1120 603 ς)

114 634 220 697 habeb
242 626 519 714 adstipulatorem·
559 626 702 707 Dubiam
721 648 795 698 rem¹
811 628 963 721 relinquit
970 630 1064 719 Hugo
1075 632 1138 720 ⁶),·

53 760 65 805 ἰ
112 746 163 831 rir
188 739 448 816 illustrissimus,
483 757 621 823 eamque
646 748 742 821 negat
772 731 921 818 eatenus,
960 752 1133 825 quatenus·

110 832 354 941 recuperatores-
380 850 477 913 etiam
496 848 533 910 in
552 847 734 933 provinciis
749 847 850 911 fuisse
872 846 1041 914 dicendum
1061 855 1114 934 sit,

109 964 150 1028 de
171 962 294 1045 judicio,
311 972 423 1053 tamen
442 936 681 1036 centumvirali,
708 957 749 1033 in,
765 957 1133 1045 provinciis‚.adbibito,·'

111 1096 131 1136 a
152 1074 245 1138 nullo
267 1080 396 1135 auctore
426 1068 468 1131 sit
498 1062 656 1130 relatum.
687 1061 732 1137 In,
747 1084 808 1153 qua
828 1089 864 1132 ra
886 1064 982 1133 raldo
1002 1076 1129 1136 arsen-²

67 1182 70 1189 '
109 1185 197 1247 tior:
226 1194 260 1246 at
279 1182 384 1271 potius
406 1197 480 1243 rem
495 1176 661 1241 itarelim
681 1176 896 1263 perspicuam,
918 1190 965 1268 'ut
977 1194 1018 1245 ne
1038 1185 1127 1246 tan-'

108 1292 226 1385 tillurn'
244 1278 379 1383 'quidem
405 1290 542 1381 supersit
555 1289 723 1369 umbrae,
755 1299 990 1383 recuperatores
1003 1292 1128 1356 ‘fuisse‘

59 1476 64 1485 1
108 1405 205 1484 longe
227 1386 332 1480 alios,
348 1396 457 1488 diuam
479 1397 705 1467 centumviros.
749 1392 832 1460 Nam
854 1408 975 1462 certum
996 1412 1111 1466 nume-

106 1534 177 1575 rum
203 1514 476 1577 centumuirorum
497 1510 598 1572 fuisse
617 1497 671 1571 rel
693 1500 814 1575 nornen
832 1504 949 1591 ,docet3¹
976 1522 1009 1574 et
1035 1522 1109 1599 post

53 1698 55 1704 Ι
88 1600 255 1710 probabo.
297 1619 392 1689 Idem
418 1641 496 1684 vero
525 1615 569 1679 de
591 1615 863 1703 recuperatoribus
890 1620 1039 1705 nuspiam
1059 1624 1112 1684 le-'

104 1734 220 1817 gimus.
265 1728 314 1794 Ac
334 1727 480 1807 traditur,
503 1726 683 1791 Praetorem
706 1748 723 1788 e
745 1724 873 1797 cohorte
895 1746 952 1788 sua
973 1748 1106 1816 recupar-

102 1851 226 1904 ratores
256 1837 401 1921 dedisse,
435 1837 520 1926 quod
550 1838 585 1901 in
614 1836 830 1899 centumviros
851 1852 917 1900 nou
939 1836 1041 1920 cadit3
1064 1875 1106 1888 -

104 1972 183 2038 quos
206 1950 328 2039 'utique
358 1972 407 2015 cx·
425 1946 542 2014 iisdem
575 1948 761 2013 horninibus
794 1948 894 2011 fuisse
928 1946 1101 2042 desumtos,

102 2063 173 2148 quis
194 2072 263 2130 tam
282 2080 441 2141 vesanus,
464 2069 501 2124 nt
523 2056 648 2123 dixerit.
693 2054 787 2123 Certe
807 2069 916 2129 autem
935 2076 1108 2149 nunquam

100 2188 286 2256 praecones,
309 2174 543 2277 atharuspices,
558 2164 728 2248 etmedici‚
751 2152 863 2244 ceteri,-
882 2169 1099 2254 quietantia·
1166 2206 1176 2221 ι

102 2276 296 2365 dignissimo·
310 2269 592 2365 genereiocoque,
599 2279 806 2343 centumviris
828 2289 917 2343 arant
938 2277 1099 2369 adscripti
1117 2284 1125 2299 '

99 2385 242 2453 Difficile
268 2398 318 2451 est
347 2386 457 2451 omnia
483 2384 666 2467 discrimina
693 2392 857 2477 persequi,
900 2399 933 2451 et
954 2391 1022 2453 ιιοιι
1042 2411 1100 2453 ne-

98 2499 283 2582 cessarium.
325 2490 735 2579 murmurmurmur,
756 2509 1011 2587 recuperatorum
1025 2519 1101 2564 mu·

98 2631 176 2695 nera
203 2609 338 2685 mirifice
369 2604 639 2697 discrepuisseset
660 2627 679 2672 a
700 2611 991 2692 centumuirorum,
1026 2622 1059 2675 et
1078 2631 1098 2674 a

95 2721 312 2808 pedaneorum
333 2722 476 2806 partibus
496 2718 658 2800 judicum,-
682 2719 736 2785 de
757 2723 963 2786 centumviris
985 2721 1096 2805 delego
1131 2758 1133 2761 ·

95 2831 256 2896 s'tudiosos
279 2829 319 2893 ad
342 2848 389 2904 ea,
412 2849 493 2914 quaa
505 2830 655 2913 imi-rap
667 2811 719 2897 00.
743 2830 895 2913 dicentur
949 2829 952 2834 ’
1057 2856 1061 2863 ·

177 2941 289 3005 Plures
311 2952 473 3033 praeterea
483 2939 577 3007 benc
597 2955 667 3005 rem
686 2918 877 3031 tractarunt,
907 2938 958 3007 do
967 2940 1095 3024 judiciis
1154 2974 1158 2981 ·

93 3063 241 3136 agentes,
263 3063 296 3117 et
317 3049 358 3116 de
378 3051 516 3135 negotiis¹
538 3068 665 3115 eorum
674 3051 717 3138 7)
759 3023 879 3117 Placita
899 3052 1007 3123 autem
1028 3054 1097 3133 ιιι
1079 3089 1132 3115 -..

297 3206 301 3217 .
320 3204 326 3215 .

90 3325 131 3391 ⁴)
156 3319 249 3376 clavis
264 3316 393 3378 Cicerou.
408 3338 436 3375 v
451 3326 647 3407 recuperatorr
667 3318 809 3391 conseras,
826 3336 894 3409 quac
910 3320 1026 3405 scripsit
1041 3338 1092 3375 au-

162 3421 226 3465 ctor
242 3409 277 3464 ad
293 3408 488 3467 Suetonium
479 3430 510 3465 ιι
528 3410 584 3466 vita
600 3410 798 3471 Dandtiauic.
817 3410 851 3465 8.

91 3507 127 3576 ¹)
153 3506 190 3558 In
208 3501 340 3557 historia
346 3500 554 3589 jurisprudents
562 3500 680 3560 Roman
699 3518 760 3574 pag.
779 3502 855 3566 1053
849 3494 909 3561 ·ιι.
924 3511 950 3555 et
967 3518 1023 3567 eos,
1038 3499 1091 3571 qui
1135 3498 1138 3505 ’

159 3593 198 3648 ibi
217 3588 368 3647 laudantur
383 3610 446 3665 pag.
465 3594 524 3657 106.
538 3592 607 3648 Not.
626 3595 668 3646 ¹⁸⁴¹.
685 3619 721 3635 -
972 3599 977 3611 ·

92 3687 128 3753 ⁸)
157 3686 288 3741 Hister.
281 3700 334 3754 pur.
328 3702 409 3757 ..pag
420 3682 588 3740 braccata.
605 3684 645 3754 (iu
662 3681 807 3738 novisrim.
825 3680 939 3738 edition.
958 3698 984 3735 a.
1004 3676 1090 3744 1824)

92 3776 127 3836 'l
157 3774 204 3834 cf.
221 3773 356 3832 Baebium
383 3776 483 3830 histor.
507 3768 659 3847 jurisprud.
682 3765 800 3829 lton'rau.
825 3790 887 3847 pag.
906 3770 966 3826 105.
984 3781 1013 3824 et
1028 3770 1089 3825 106
1145 3801 1147 3807 -

119 3863 224 3924 Not.
241 3869 271 3902 '¹'
288 3875 316 3921 et
333 3884 395 3931 eos,
413 3858 518 3939 quibua
535 3856 645 3920 laudem
661 3862 771 3924 tribuit.
807 3861 927 3923 Adserit.
944 3876 1103 3927 recupera·-
