2400 4328
517 130 876 235 ..reo-2„

144 322 242 386 traria
271 315 393 381 ratione
423 314 524 396 stricti
551 314 660 397 judicii
688 315 786 403 paulo
812 313 897 385 inira
917 310 1151 387 ‹liseeressmn

144 444 194 496 est
238 434 263 511 t.
285 424 339 490 ¹9.

578 625 606 704 b.
648 620 703 689 16.

230 755 456 836 Detractibus,
478 758 584 822 usuris
605 757 781 844 ceterisque
802 756 1042 823 accessionibus
1054 755 1152 825 tein-

146 894 219 962 ceps
242 871 374 936 dicetur.
407 865 497 931 Nibil
514 856 597 932 ¹vero
618 869 819 949 habeantet
839 879 984 934 nostram
1003 872 1153 953 regulam

144 981 339 1050 testimoniis
367 968 582 1064 comprobare.
627 977 710 1046 Cum
740 981 840 1062 igitur
865 980 902 1043 in
923 981 1043 1045 strictis
1064 981 1153 1062 judi.

80 1124 83 1129 ·
145 1096 201 1162 ciis
223 1093 326 1158 teneri
347 1111 443 1155 nemo
465 1099 592 1177 posset,
616 1092 679 1155 nisi
692 1090 739 1155 'in
764 1090 817 1173 id,
839 1090 925 1178 quod
943 1094 1153 1179 promiserat,

145 1207 308 1292 sequitur,
337 1200 536 1264 accessiones
565 1203 667 1266 stricti
691 1205 772 1284 juris
793 1205 982 1285 obligationi
1003 1226 1074 1270 non
1095 1205 1156 1270 etl-

146 1339 235 1394 esee,
264 1315 361 1400 idque
387 1312 556 1397 perspicue
577 1309 670 1376 docet
690 1316 713 1380 l.
736 1312 788 1380 99.
811 1312 854 1378 Ι).
875 1312 916 1378 de
936 1312 981 1379 V.
993 1313 1051 1398 0.,
1074 1296 1154 1394 nam

146 1431 191 1493 sic
213 1426 366 1515 scriptum
387 1431 437 1484 est
458 1440 477 1481 a
499 1417 604 1503 Celso,
627 1424 709 1489 libro
728 1425 772 1491 88
793 1424 1021 1507 Digestorum

37 1627 48 1639 ‚
126 1582 135 1647 't
188 1581 213 1618 „
225 1530 391 1618 Quidquid
421 1520 666 1614 adstringendae
694 1538 912 1619 obligationis·
928 1549 998 1618 est,
1026 1532 1063 1599 itl
1080 1533 1149 1601 nisi

127 1649 134 1680 ¹
189 1649 299 1735 palam
308 1645 414 1708 verbis
425 1643 624 1730 exprimitur,
640 1647 795 1711 omissum
809 1646 1060 1729 intelligendum
1068 1645 1152 1711 est.”
1178 1698 1181 1704 .

146 1758 256 1840 Quam
283 1752 324 1818 etl
352 1757 511 1840 rationem
538 1754 773 1838 rennuendam,
802 1760 992 1845 inceperunt
1011 1755 1158 1823 Romani

147 1879 223 1941 aute
252 1865 292 1932 tle
321 1857 555 1930 accessionibus
575 1868 775 1954 praestandis
794 1870 959 1954 propriam
982 1869 1158 1951 obligatio-

148 2001 226 2043 nem
248 1977 422 2050 conficere,
444 1975 541 2064 idque
562 1981 686 2045 mutuis
707 1977 967 2064 stipulationibus
993 1975 1049 2060 ¹),
1083 2002 1158 2053 cum

148 2092 293 2176 alioquin
314 2089 348 2151 iu
370 2089 431 2151 hoc
450 2087 568 2167 judicio
590 2093 678 2154 nulla
697 2088 840 2174 aequitas
861 2096 1066 2169 cerneretur,
1103 2088 1157 2157 sel

149 2203 325 2265 arctissima
353 2196 428 2262 fidei
456 2200 692 2287 interpretatim
732 2199 816 2262 Hinc
844 2220 910 2262 non
934 2195 1078 2265 dubium
1098 2213 1160 2280 eet,

151 2312 229 2397 quid
260 2308 370 2374 Cicero
401 2311 539 2375 voluerit
568 2333 634 2401 pro
648 2310 768 2376 Roscio
789 2306 952 2375 Comoedo
980 2333 1007 2374 c.
1030 2313 1082 2393 5,,
1106 2315 1160 2377 in-

82 2507 85 2512 .
152 2428 286 2508 quiens,
314 2426 461 2485 strictum
488 2421 642 2500 judicium
663 2443 734 2485 essa
762 2423 916 2506 pecuniae
939 2433 1065 2504 certae,
1089 2445 1161 2495 rem

152 2558 283 2600 omnem
317 2536 353 2595 in
379 2553 418 2597 eo
447 2540 501 2593 aut
523 2530 644 2602 amitti,
669 2540 725 2591 aut
746 2532 884 2596 obtineri
906 2527 951 2616 ²).
974 2528 1014 2595 Id
1036 2533 1161 2621 quippe

154 2659 274 2712 certum
294 2626 405 2732 flerat(
431 2637 472 2701 de
500 2660 565 2722 quo
596 2641 821 2707 contrahentes
848 2656 1089 2728 convenerant3
1133 2645 1166 2711 si

153 2760 240 2821 euim
263 2747 500 2838 appectoratio,
523 2746 608 2832 quod
630 2763 827 2819 contractum
848 2768 952 2837 esset,
974 2765 1085 2834 totum
1106 2777 1161 2821 ac-

96 2886 99 2892 ’
153 2880 201 2932 tor
231 2867 436 2955 percepturus
465 2869 552 2941 eret;
580 2862 664 2928 nihil
695 2864 784 2931 enim
813 2889 832 2929 a
858 2864 924 2935 fide
952 2866 1166 2949 obligationis.

154 3053 355 3074 Μ
377 3050 382 3061 ·

157 3158 189 3224 2)
215 3156 232 3213 t.
247 3138 296 3212 38.
315 3147 354 3209 D(
370 3157 403 3212 de
421 3165 513 3229 negot
532 3171 619 3228 gese-t
638 3163 797 3229 „quantum
813 3153 846 3208 in
861 3149 1045 3225 stipulatione
1059 3151 1162 3210 nonii·

199 3249 313 3307 anatim
340 3252 399 3321 ejus
424 3251 466 3309 rei
488 3248 561 3304 lacte
590 3247 809 3320 interrogatio.”
849 3245 871 3302 1.
887 3244 932 3299 24.
958 3246 996 3300 Ι).
1021 3245 1161 3320 depositis

140 3328 157 3386 '·
226 3338 330 3411 „quod
346 3341 381 3397 ad
398 3359 498 3403 usuras
515 3341 624 3407 attinet,
633 3349 666 3394 ot
682 3336 847 3395 tantundem
863 3335 955 3409 possit
969 3335 1099 3399 officinm
1114 3339 1164 3410 jn-

227 3431 306 3495 dicis‚
322 3449 406 3505 quem
425 3432 597 3504 stipulatio”
614 3431 694 3487 aute
710 3421 783 3503 tta.
802 3435 830 3498 ς.
849 3429 876 3484 2.
894 3429 928 3484 Ι).
944 3429 1040 3504 soluto
1058 3440 1167 3500 matr-a

224 3522 258 3577 de
283 3525 422 3596 promisse
450 3524 515 3579 dote
531 3533 560 3579 et
583 3539 733 3593 usurarum
760 3519 942 3594 stipulatione
976 3519 1023 3576 Cf.
1050 3521 1073 3579 l·
1097 3520 1162 3582 126·

224 3615 245 3683 i·
263 3613 291 3673 2·
310 3618 339 3670 in
360 3617 380 3672 l.
397 3616 433 3672 D.
452 3616 486 3670 dc
501 3615 653 3670 verborum
670 3613 783 3683 obligat.

158 3709 188 3777 ⁹¹)
207 3706 281 3765 llaec
299 3710 447 3780 leguntur:
467 3706 628 3771 „iudicium
646 3715 686 3759 cst
704 3707 833 3777 pecuniae
852 3711 949 3757 certae.
966 3698 1164 3772 adjudicium

224 3801 277 3856 boc:
300 3801 384 3855 modo
410 3800 546 3862 venimus,
573 3807 605 3872 ut
630 3807 716 3853 totam
742 3797 818 3854 litem
836 3804 883 3850 out
906 3793 1093 3864 obtineamus,
1114 3805 1164 3853 aut

177 3908 180 3914 ·
223 3891 419 3946 emittamuse'²
