<?xml version="1.0" encoding="UTF-8"?>
<!DOCTYPE html PUBLIC "-//W3C//DTD XHTML 1.0 Transitional//EN"
    "http://www.w3.org/TR/xhtml1/DTD/xhtml1-transitional.dtd">
<html xmlns="http://www.w3.org/1999/xhtml" xml:lang="en" lang="en">
 <head>
  <title>
</title>
<meta http-equiv="Content-Type" content="text/html;charset=utf-8" />
  <meta name='ocr-system' content='tesseract 3.04.00' />
  <meta name='ocr-capabilities' content='ocr_page ocr_carea ocr_par ocr_line ocrx_word'/>
</head>
<body>
  <div class='ocr_page' id='page_1' title='image "./dejudicibusapud00tigegoog_0048.png"; bbox 0 0 2400 4328; ppageno 0'>
   <div class='ocr_carea' id='block_1_1' title="bbox 432 152 668 220">
    <p class='ocr_par' dir='ltr' id='par_1_1' title="bbox 432 152 668 220">
     <span class='ocr_line' id='line_1_1' title="bbox 432 152 668 220; baseline -0.008 -14"><span class='ocrx_word' id='word_1_1' title='bbox 432 152 668 220; x_wconf 76' lang='lat'>..27-</span> 
     </span>
    </p>
   </div>
   <div class='ocr_carea' id='block_1_2' title="bbox 56 356 1140 3115">
    <p class='ocr_par' dir='ltr' id='par_1_2' title="bbox 56 356 1140 3115">
     <span class='ocr_line' id='line_1_2' title="bbox 112 356 1054 450; baseline -0.004 -15"><span class='ocrx_word' id='word_1_2' title='bbox 112 395 197 444; x_wconf 86' lang='lat' dir='ltr'><strong>men,</strong></span> <span class='ocrx_word' id='word_1_3' title='bbox 224 392 294 433; x_wconf 82' lang='lat' dir='ltr'><strong>cnm</strong></span> <span class='ocrx_word' id='word_1_4' title='bbox 310 375 384 434; x_wconf 83' lang='lat' dir='ltr'><strong>dieta</strong></span> <span class='ocrx_word' id='word_1_5' title='bbox 401 367 559 435; x_wconf 85' lang='lat' dir='ltr'><strong>tabularum</strong></span> <span class='ocrx_word' id='word_1_6' title='bbox 584 376 704 449; x_wconf 85' lang='lat' dir='ltr'><strong>posthac</strong></span> <span class='ocrx_word' id='word_1_7' title='bbox 719 356 882 450; x_wconf 77' lang='lat' dir='ltr'><strong>explicaret.</strong></span> <span class='ocrx_word' id='word_1_8' title='bbox 909 375 1054 433; x_wconf 85' lang='lat' dir='ltr'><strong>humanis-</strong></span> 
     </span>
     <span class='ocr_line' id='line_1_3' title="bbox 112 467 1063 540; baseline -0.002 -13"><span class='ocrx_word' id='word_1_9' title='bbox 112 472 188 527; x_wconf 89' lang='lat' dir='ltr'><strong>sima</strong></span> <span class='ocrx_word' id='word_1_10' title='bbox 207 469 342 524; x_wconf 88' lang='lat' dir='ltr'><strong>omnium</strong></span> <span class='ocrx_word' id='word_1_11' title='bbox 359 487 418 524; x_wconf 86' lang='lat' dir='ltr'><strong>esse</strong></span> <span class='ocrx_word' id='word_1_12' title='bbox 435 467 503 535; x_wconf 85' lang='lat' dir='ltr'><strong>rult;</strong></span> <span class='ocrx_word' id='word_1_13' title='bbox 522 468 556 524; x_wconf 87' lang='lat' dir='ltr'><strong>de</strong></span> <span class='ocrx_word' id='word_1_14' title='bbox 570 486 626 540; x_wconf 86' lang='lat' dir='ltr'><strong>qua</strong></span> <span class='ocrx_word' id='word_1_15' title='bbox 643 487 674 524; x_wconf 85' lang='lat' dir='ltr'><strong>re</strong></span> <span class='ocrx_word' id='word_1_16' title='bbox 691 469 828 537; x_wconf 79' lang='lat' dir='ltr'><strong>conferas,</strong></span> <span class='ocrx_word' id='word_1_17' title='bbox 847 468 940 534; x_wconf 76' lang='lat' dir='ltr'><strong>uelim,</strong></span> <span class='ocrx_word' id='word_1_18' title='bbox 957 478 1063 525; x_wconf 24' lang='lat' dir='ltr'><strong>sucta-⁴</strong></span> 
     </span>
     <span class='ocr_line' id='line_1_4' title="bbox 108 559 1056 636; baseline -0.008 -17"><span class='ocrx_word' id='word_1_19' title='bbox 108 563 176 620; x_wconf 77' lang='lat' dir='ltr'><strong>rern‘</strong></span> <span class='ocrx_word' id='word_1_20' title='bbox 191 562 226 616; x_wconf 87' lang='lat' dir='ltr'><strong>in</strong></span> <span class='ocrx_word' id='word_1_21' title='bbox 243 562 281 617; x_wconf 88' lang='lat' dir='ltr'><strong>N.</strong></span> <span class='ocrx_word' id='word_1_22' title='bbox 303 562 336 614; x_wconf 87' lang='lat' dir='ltr'><strong>A.</strong></span> <span class='ocrx_word' id='word_1_23' title='bbox 354 559 426 630; x_wconf 86' lang='lat' dir='ltr'><strong>XX,</strong></span> <span class='ocrx_word' id='word_1_24' title='bbox 445 563 471 618; x_wconf 89' lang='lat' dir='ltr'><strong>t.</strong></span> <span class='ocrx_word' id='word_1_25' title='bbox 499 573 564 636; x_wconf 82' lang='lat' dir='ltr'><strong>post</strong></span> <span class='ocrx_word' id='word_1_26' title='bbox 581 562 673 630; x_wconf 82' lang='lat' dir='ltr'><strong>nied,</strong></span> <span class='ocrx_word' id='word_1_27' title='bbox 701 563 751 617; x_wconf 90' lang='lat' dir='ltr'><strong>ubi</strong></span> <span class='ocrx_word' id='word_1_28' title='bbox 768 579 819 631; x_wconf 80' lang='lat' dir='ltr'><strong>per</strong></span> <span class='ocrx_word' id='word_1_29' title='bbox 835 560 946 615; x_wconf 85' lang='lat' dir='ltr'><strong>disertis</strong></span> <span class='ocrx_word' id='word_1_30' title='bbox 963 559 1056 615; x_wconf 85' lang='lat' dir='ltr'><strong>verbis</strong></span> 
     </span>
     <span class='ocr_line' id='line_1_5' title="bbox 56 652 1056 720; baseline -0.004 -13"><span class='ocrx_word' id='word_1_31' title='bbox 56 702 59 707; x_wconf 92' lang='lat'>.</span> <span class='ocrx_word' id='word_1_32' title='bbox 107 664 236 710; x_wconf 84' lang='lat' dir='ltr'><strong>enarrat.</strong></span> <span class='ocrx_word' id='word_1_33' title='bbox 272 653 402 707; x_wconf 87' lang='lat' dir='ltr'><strong>Primum</strong></span> <span class='ocrx_word' id='word_1_34' title='bbox 420 654 553 709; x_wconf 71' lang='lat' dir='ltr'><strong>adscribit</strong></span> <span class='ocrx_word' id='word_1_35' title='bbox 571 657 654 710; x_wconf 89' lang='lat' dir='ltr'><strong>verba</strong></span> <span class='ocrx_word' id='word_1_36' title='bbox 670 653 845 709; x_wconf 82' lang='lat' dir='ltr'><strong>tabularum:</strong></span> <span class='ocrx_word' id='word_1_37' title='bbox 880 652 934 716; x_wconf 87' lang='lat' dir='ltr'><strong>„Si</strong></span> <span class='ocrx_word' id='word_1_38' title='bbox 959 652 990 705; x_wconf 91' lang='lat' dir='ltr'><strong>in</strong></span> <span class='ocrx_word' id='word_1_39' title='bbox 1013 653 1056 720; x_wconf 82' lang='lat' dir='ltr'><strong>jus</strong></span> 
     </span>
     <span class='ocr_line' id='line_1_6' title="bbox 110 734 1140 816; baseline -0.002 -17"><span class='ocrx_word' id='word_1_40' title='bbox 110 734 215 810; x_wconf 80' lang='lat' dir='ltr'><strong>vocat,</strong></span> <span class='ocrx_word' id='word_1_41' title='bbox 237 745 262 799; x_wconf 86' lang='lat' dir='ltr'><strong>si</strong></span> <span class='ocrx_word' id='word_1_42' title='bbox 281 744 400 800; x_wconf 80' lang='lat' dir='ltr'>morbus</span> <span class='ocrx_word' id='word_1_43' title='bbox 416 747 553 800; x_wconf 71' lang='lat' dir='ltr'><strong>aevitasve</strong></span> <span class='ocrx_word' id='word_1_44' title='bbox 571 748 673 800; x_wconf 82' lang='lat' dir='ltr'><strong>vicium</strong></span> <span class='ocrx_word' id='word_1_45' title='bbox 693 765 766 811; x_wconf 84' lang='lat' dir='ltr'><strong>esse,</strong></span> <span class='ocrx_word' id='word_1_46' title='bbox 799 747 847 816; x_wconf 84' lang='lat' dir='ltr'><strong>qui</strong></span> <span class='ocrx_word' id='word_1_47' title='bbox 866 744 953 812; x_wconf 79' lang='lat' dir='ltr'><strong>injus</strong></span> <span class='ocrx_word' id='word_1_48' title='bbox 972 760 1056 797; x_wconf 83' lang='lat' dir='ltr'><strong>roca·</strong></span> <span class='ocrx_word' id='word_1_49' title='bbox 1137 806 1140 811; x_wconf 21' lang='lat'>⁸</span> 
     </span>
     <span class='ocr_line' id='line_1_7' title="bbox 113 832 1057 905; baseline -0.006 -12"><span class='ocrx_word' id='word_1_50' title='bbox 113 839 162 893; x_wconf 89' lang='lat' dir='ltr'><strong>bit</strong></span> <span class='ocrx_word' id='word_1_51' title='bbox 168 839 356 905; x_wconf 73' lang='lat' dir='ltr'><strong>,iumentum</strong></span> <span class='ocrx_word' id='word_1_52' title='bbox 373 837 453 892; x_wconf 82' lang='lat' dir='ltr'><strong>dato:</strong></span> <span class='ocrx_word' id='word_1_53' title='bbox 478 840 501 893; x_wconf 90' lang='lat' dir='ltr'><strong>si</strong></span> <span class='ocrx_word' id='word_1_54' title='bbox 518 838 605 904; x_wconf 82' lang='lat' dir='ltr'><strong>uolet,</strong></span> <span class='ocrx_word' id='word_1_55' title='bbox 629 857 753 893; x_wconf 79' lang='lat' dir='ltr'><strong>arceram</strong></span> <span class='ocrx_word' id='word_1_56' title='bbox 770 857 805 893; x_wconf 89' lang='lat' dir='ltr'><strong>ue</strong></span> <span class='ocrx_word' id='word_1_57' title='bbox 822 836 977 890; x_wconf 82' lang='lat' dir='ltr'><strong>sternito.⁸·</strong></span> <span class='ocrx_word' id='word_1_58' title='bbox 1012 832 1057 889; x_wconf 84' lang='lat' dir='ltr'><strong>Ad</strong></span> 
     </span>
     <span class='ocr_line' id='line_1_8' title="bbox 119 924 1057 1001; baseline -0.005 -19"><span class='ocrx_word' id='word_1_59' title='bbox 119 947 196 1000; x_wconf 83' lang='lat' dir='ltr'><strong>quaa</strong></span> <span class='ocrx_word' id='word_1_60' title='bbox 212 930 292 984; x_wconf 80' lang='lat' dir='ltr'><strong>rerba</strong></span> <span class='ocrx_word' id='word_1_61' title='bbox 307 930 647 1001; x_wconf 83' lang='lat' dir='ltr'><strong>tabularum-explicanda</strong></span> <span class='ocrx_word' id='word_1_62' title='bbox 663 929 770 1000; x_wconf 77' lang='lat' dir='ltr'><strong>duplici</strong></span> <span class='ocrx_word' id='word_1_63' title='bbox 789 928 877 982; x_wconf 88' lang='lat' dir='ltr'><strong>modo</strong></span> <span class='ocrx_word' id='word_1_64' title='bbox 901 928 972 996; x_wconf 78' lang='lat' dir='ltr'><strong>agita</strong></span> <span class='ocrx_word' id='word_1_65' title='bbox 999 924 1057 997; x_wconf 85' lang='lat' dir='ltr'><strong>pri·</strong></span> 
     </span>
     <span class='ocr_line' id='line_1_9' title="bbox 120 1016 1057 1094; baseline -0.002 -21"><span class='ocrx_word' id='word_1_66' title='bbox 120 1037 210 1085; x_wconf 85' lang='lat' dir='ltr'><strong>mum,</strong></span> <span class='ocrx_word' id='word_1_67' title='bbox 227 1023 274 1094; x_wconf 87' lang='lat' dir='ltr'><strong>qui</strong></span> <span class='ocrx_word' id='word_1_68' title='bbox 290 1020 411 1076; x_wconf 84' lang='lat' dir='ltr'><strong>morbus</strong></span> <span class='ocrx_word' id='word_1_69' title='bbox 427 1022 465 1076; x_wconf 86' lang='lat' dir='ltr'><strong>sit</strong></span> <span class='ocrx_word' id='word_1_70' title='bbox 487 1021 593 1084; x_wconf 78' lang='lat' dir='ltr'><strong>dictus,</strong></span> <span class='ocrx_word' id='word_1_71' title='bbox 611 1018 770 1078; x_wconf 70' lang='lat' dir='ltr'><strong>&#39;accuratius</strong></span> <span class='ocrx_word' id='word_1_72' title='bbox 793 1019 929 1092; x_wconf 69' lang='lat' dir='ltr'><strong>inquirite</strong></span> <span class='ocrx_word' id='word_1_73' title='bbox 955 1016 1057 1075; x_wconf 80' lang='lat' dir='ltr'><strong>debinc</strong></span> 
     </span>
     <span class='ocr_line' id='line_1_10' title="bbox 124 1110 1055 1185; baseline -0.003 -20"><span class='ocrx_word' id='word_1_74' title='bbox 124 1111 264 1183; x_wconf 87' lang='lat' dir='ltr'><strong>quodnam</strong></span> <span class='ocrx_word' id='word_1_75' title='bbox 282 1113 321 1169; x_wconf 89' lang='lat' dir='ltr'><strong>sit</strong></span> <span class='ocrx_word' id='word_1_76' title='bbox 343 1114 498 1182; x_wconf 79' lang='lat' dir='ltr'><strong>iumentum</strong></span> <span class='ocrx_word' id='word_1_77' title='bbox 522 1113 648 1185; x_wconf 79' lang='lat' dir='ltr'><strong>explicat.</strong></span> <span class='ocrx_word' id='word_1_78' title='bbox 691 1113 776 1184; x_wconf 86' lang='lat' dir='ltr'><strong>Quod</strong></span> <span class='ocrx_word' id='word_1_79' title='bbox 792 1111 827 1166; x_wconf 88' lang='lat' dir='ltr'><strong>ad</strong></span> <span class='ocrx_word' id='word_1_80' title='bbox 852 1110 979 1183; x_wconf 81' lang='lat' dir='ltr'><strong>priorem</strong></span> <span class='ocrx_word' id='word_1_81' title='bbox 995 1125 1055 1162; x_wconf 83' lang='lat' dir='ltr'><strong>rens</strong></span> 
     </span>
     <span class='ocr_line' id='line_1_11' title="bbox 123 1199 1057 1273; baseline -0.003 -17"><span class='ocrx_word' id='word_1_82' title='bbox 123 1205 232 1268; x_wconf 84' lang='lat' dir='ltr'><strong>attinet,</strong></span> <span class='ocrx_word' id='word_1_83' title='bbox 249 1205 356 1259; x_wconf 88' lang='lat' dir='ltr'><strong>adscrit</strong></span> <span class='ocrx_word' id='word_1_84' title='bbox 373 1205 463 1259; x_wconf 81' lang='lat' dir='ltr'><strong>hisce:</strong></span> <span class='ocrx_word' id='word_1_85' title='bbox 487 1225 549 1272; x_wconf 86' lang='lat' dir='ltr'><strong>„an</strong></span> <span class='ocrx_word' id='word_1_86' title='bbox 568 1216 597 1258; x_wconf 88' lang='lat' dir='ltr'><strong>tu</strong></span> <span class='ocrx_word' id='word_1_87' title='bbox 617 1207 689 1259; x_wconf 82' lang='lat' dir='ltr'><strong>sorte</strong></span> <span class='ocrx_word' id='word_1_88' title='bbox 707 1205 837 1258; x_wconf 73' lang='lat' dir='ltr'><strong>taracham</strong></span> <span class='ocrx_word' id='word_1_89' title='bbox 856 1202 991 1273; x_wconf 83' lang='lat' dir='ltr'><strong>appellari</strong></span> <span class='ocrx_word' id='word_1_90' title='bbox 1010 1199 1057 1254; x_wconf 89' lang='lat' dir='ltr'><strong>hic</strong></span> 
     </span>
     <span class='ocr_line' id='line_1_12' title="bbox 120 1290 1057 1369; baseline -0.004 -21"><span class='ocrx_word' id='word_1_91' title='bbox 120 1307 200 1366; x_wconf 86' lang='lat' dir='ltr'><strong>putas</strong></span> <span class='ocrx_word' id='word_1_92' title='bbox 219 1298 440 1367; x_wconf 75' lang='lat' dir='ltr'><strong>aegrotationem</strong></span> <span class='ocrx_word' id='word_1_93' title='bbox 453 1290 565 1369; x_wconf 75' lang='lat' dir='ltr'><strong>graveria</strong></span> <span class='ocrx_word' id='word_1_94' title='bbox 582 1315 646 1350; x_wconf 89' lang='lat' dir='ltr'><strong>cum</strong></span> <span class='ocrx_word' id='word_1_95' title='bbox 666 1297 736 1350; x_wconf 87' lang='lat' dir='ltr'><strong>febri</strong></span> <span class='ocrx_word' id='word_1_96' title='bbox 747 1296 844 1366; x_wconf 81' lang='lat' dir='ltr'><strong>rapida</strong></span> <span class='ocrx_word' id='word_1_97' title='bbox 862 1304 889 1347; x_wconf 92' lang='lat' dir='ltr'><strong>et</strong></span> <span class='ocrx_word' id='word_1_98' title='bbox 907 1295 1057 1363; x_wconf 73' lang='lat' dir='ltr'><strong>quercerai</strong></span> 
     </span>
     <span class='ocr_line' id='line_1_13' title="bbox 116 1370 1056 1462; baseline -0.007 -19"><span class='ocrx_word' id='word_1_99' title='bbox 116 1390 335 1459; x_wconf 81' lang='lat' dir='ltr'><strong>jumentumque</strong></span> <span class='ocrx_word' id='word_1_100' title='bbox 353 1387 407 1442; x_wconf 84' lang='lat' dir='ltr'><strong>dici</strong></span> <span class='ocrx_word' id='word_1_101' title='bbox 424 1408 510 1462; x_wconf 87' lang='lat' dir='ltr'><strong>pecus</strong></span> <span class='ocrx_word' id='word_1_102' title='bbox 533 1389 648 1461; x_wconf 81' lang='lat' dir='ltr'><strong>aliquod</strong></span> <span class='ocrx_word' id='word_1_103' title='bbox 673 1389 802 1452; x_wconf 79' lang='lat' dir='ltr'><strong>unicum,</strong></span> <span class='ocrx_word' id='word_1_104' title='bbox 833 1397 912 1454; x_wconf 82' lang='lat' dir='ltr'><strong>tergo</strong></span> <span class='ocrx_word' id='word_1_105' title='bbox 936 1370 1056 1440; x_wconf 76' lang='lat' dir='ltr'><strong>veheris?</strong></span> 
     </span>
     <span class='ocr_line' id='line_1_14' title="bbox 116 1480 1056 1553; baseline -0.006 -18"><span class='ocrx_word' id='word_1_106' title='bbox 116 1483 159 1535; x_wconf 87' lang='lat' dir='ltr'><strong>Ac</strong></span> <span class='ocrx_word' id='word_1_107' title='bbox 176 1493 329 1553; x_wconf 85' lang='lat' dir='ltr'><strong>propterea</strong></span> <span class='ocrx_word' id='word_1_108' title='bbox 346 1482 438 1534; x_wconf 90' lang='lat' dir='ltr'><strong>minus</strong></span> <span class='ocrx_word' id='word_1_109' title='bbox 462 1481 547 1536; x_wconf 85' lang='lat' dir='ltr'><strong>fuisse</strong></span> <span class='ocrx_word' id='word_1_110' title='bbox 566 1481 722 1535; x_wconf 91' lang='lat' dir='ltr'><strong>humanum</strong></span> <span class='ocrx_word' id='word_1_111' title='bbox 746 1480 887 1534; x_wconf 74' lang='lat' dir='ltr'><strong>existimas</strong></span> <span class='ocrx_word' id='word_1_112' title='bbox 904 1488 1056 1547; x_wconf 82' lang='lat' dir='ltr'><strong>aegrotum,</strong></span> 
     </span>
     <span class='ocr_line' id='line_1_15' title="bbox 118 1567 1056 1645; baseline -0.009 -17"><span class='ocrx_word' id='word_1_113' title='bbox 118 1573 198 1628; x_wconf 87' lang='lat' dir='ltr'><strong>domi</strong></span> <span class='ocrx_word' id='word_1_114' title='bbox 223 1590 292 1626; x_wconf 86' lang='lat' dir='ltr'><strong>suae</strong></span> <span class='ocrx_word' id='word_1_115' title='bbox 317 1572 479 1640; x_wconf 84' lang='lat' dir='ltr'><strong>cubantem,</strong></span> <span class='ocrx_word' id='word_1_116' title='bbox 510 1576 636 1644; x_wconf 87' lang='lat' dir='ltr'><strong>jumento</strong></span> <span class='ocrx_word' id='word_1_117' title='bbox 657 1571 821 1645; x_wconf 86' lang='lat' dir='ltr'><strong>impositum</strong></span> <span class='ocrx_word' id='word_1_118' title='bbox 849 1572 879 1623; x_wconf 92' lang='lat' dir='ltr'><strong>iu</strong></span> <span class='ocrx_word' id='word_1_119' title='bbox 904 1571 946 1636; x_wconf 84' lang='lat' dir='ltr'><strong>jus</strong></span> <span class='ocrx_word' id='word_1_120' title='bbox 977 1567 1056 1640; x_wconf 81' lang='lat' dir='ltr'><strong>rapi?</strong></span> 
     </span>
     <span class='ocr_line' id='line_1_16' title="bbox 119 1659 1057 1739; baseline -0.009 -20"><span class='ocrx_word' id='word_1_121' title='bbox 119 1665 186 1720; x_wconf 81' lang='lat' dir='ltr'><strong>lior</strong></span> <span class='ocrx_word' id='word_1_122' title='bbox 202 1664 275 1718; x_wconf 89' lang='lat' dir='ltr'><strong>mihi</strong></span> <span class='ocrx_word' id='word_1_123' title='bbox 292 1662 450 1720; x_wconf 84' lang='lat' dir='ltr'><strong>Phavorine</strong></span> <span class='ocrx_word' id='word_1_124' title='bbox 465 1683 644 1739; x_wconf 82' lang='lat' dir='ltr'><strong>nequaquam</strong></span> <span class='ocrx_word' id='word_1_125' title='bbox 661 1665 700 1718; x_wconf 88' lang='lat' dir='ltr'><strong>ita</strong></span> <span class='ocrx_word' id='word_1_126' title='bbox 717 1675 768 1718; x_wconf 80' lang='lat' dir='ltr'><strong>ast.</strong></span> <span class='ocrx_word' id='word_1_127' title='bbox 803 1663 875 1716; x_wconf 86' lang='lat' dir='ltr'><strong>Nam</strong></span> <span class='ocrx_word' id='word_1_128' title='bbox 894 1661 1011 1713; x_wconf 87' lang='lat' dir='ltr'><strong>morbus</strong></span> <span class='ocrx_word' id='word_1_129' title='bbox 1028 1659 1057 1712; x_wconf 88' lang='lat' dir='ltr'><strong>in</strong></span> 
     </span>
     <span class='ocr_line' id='line_1_17' title="bbox 117 1748 1074 1828; baseline -0.004 -20"><span class='ocrx_word' id='word_1_130' title='bbox 117 1756 180 1825; x_wconf 76' lang='lat' dir='ltr'><strong>lege</strong></span> <span class='ocrx_word' id='word_1_131' title='bbox 199 1757 254 1810; x_wconf 85' lang='lat' dir='ltr'><strong>ista</strong></span> <span class='ocrx_word' id='word_1_132' title='bbox 271 1775 330 1809; x_wconf 91' lang='lat' dir='ltr'><strong>non</strong></span> <span class='ocrx_word' id='word_1_133' title='bbox 347 1755 546 1822; x_wconf 80' lang='lat' dir='ltr'><strong>febriculosus,</strong></span> <span class='ocrx_word' id='word_1_134' title='bbox 573 1773 664 1828; x_wconf 79' lang='lat' dir='ltr'><strong>neque</strong></span> <span class='ocrx_word' id='word_1_135' title='bbox 680 1755 800 1810; x_wconf 89' lang='lat' dir='ltr'><strong>nimium</strong></span> <span class='ocrx_word' id='word_1_136' title='bbox 818 1755 923 1826; x_wconf 79' lang='lat' dir='ltr'><strong>gravis,</strong></span> <span class='ocrx_word' id='word_1_137' title='bbox 952 1751 999 1805; x_wconf 90' lang='lat' dir='ltr'><strong>sed</strong></span> <span class='ocrx_word' id='word_1_138' title='bbox 1017 1748 1074 1805; x_wconf 76' lang='lat' dir='ltr'><strong>iri-¹</strong></span> 
     </span>
     <span class='ocr_line' id='line_1_18' title="bbox 124 1843 1056 1919; baseline -0.001 -19"><span class='ocrx_word' id='word_1_139' title='bbox 124 1848 200 1902; x_wconf 89' lang='lat' dir='ltr'><strong>cium</strong></span> <span class='ocrx_word' id='word_1_140' title='bbox 222 1847 336 1918; x_wconf 79' lang='lat' dir='ltr'><strong>aliquod</strong></span> <span class='ocrx_word' id='word_1_141' title='bbox 361 1847 562 1904; x_wconf 82' lang='lat' dir='ltr'><strong>imbecillitatis</strong></span> <span class='ocrx_word' id='word_1_142' title='bbox 585 1859 668 1919; x_wconf 87' lang='lat' dir='ltr'><strong>atque</strong></span> <span class='ocrx_word' id='word_1_143' title='bbox 692 1843 858 1902; x_wconf 73' lang='lat' dir='ltr'><strong>inraleutiae</strong></span> <span class='ocrx_word' id='word_1_144' title='bbox 880 1845 1056 1900; x_wconf 78' lang='lat' dir='ltr'><strong>demonstra-</strong></span> 
     </span>
     <span class='ocr_line' id='line_1_19' title="bbox 122 1938 1058 2010; baseline -0.002 -18"><span class='ocrx_word' id='word_1_145' title='bbox 122 1949 184 2004; x_wconf 86' lang='lat' dir='ltr'><strong>tur,</strong></span> <span class='ocrx_word' id='word_1_146' title='bbox 209 1956 267 1991; x_wconf 90' lang='lat' dir='ltr'><strong>uon</strong></span> <span class='ocrx_word' id='word_1_147' title='bbox 286 1939 439 2010; x_wconf 85' lang='lat' dir='ltr'><strong>periculum</strong></span> <span class='ocrx_word' id='word_1_148' title='bbox 457 1942 528 1996; x_wconf 83' lang='lat' dir='ltr'><strong>vitae</strong></span> <span class='ocrx_word' id='word_1_149' title='bbox 544 1940 711 1996; x_wconf 84' lang='lat' dir='ltr'><strong>ostenditur.</strong></span> <span class='ocrx_word' id='word_1_150' title='bbox 758 1939 907 2008; x_wconf 82' lang='lat' dir='ltr'><strong>Ceteroqui</strong></span> <span class='ocrx_word' id='word_1_151' title='bbox 927 1938 1058 1992; x_wconf 85' lang='lat' dir='ltr'><strong>morbum</strong></span> 
     </span>
     <span class='ocr_line' id='line_1_20' title="bbox 120 2017 1058 2102; baseline -0.001 -19"><span class='ocrx_word' id='word_1_152' title='bbox 120 2017 378 2093; x_wconf 70' lang='lat' dir='ltr'><strong>vehementiorem,</strong></span> <span class='ocrx_word' id='word_1_153' title='bbox 403 2036 461 2087; x_wconf 74' lang='lat' dir='ltr'><strong>rim</strong></span> <span class='ocrx_word' id='word_1_154' title='bbox 486 2035 608 2102; x_wconf 80' lang='lat' dir='ltr'><strong>graviter</strong></span> <span class='ocrx_word' id='word_1_155' title='bbox 633 2032 752 2086; x_wconf 89' lang='lat' dir='ltr'><strong>nocendi</strong></span> <span class='ocrx_word' id='word_1_156' title='bbox 780 2030 938 2090; x_wconf 67' lang='lat' dir='ltr'><strong>haberium,</strong></span> <span class='ocrx_word' id='word_1_157' title='bbox 964 2030 1058 2100; x_wconf 73' lang='lat' dir='ltr'><strong>legum</strong></span> 
     </span>
     <span class='ocr_line' id='line_1_21' title="bbox 118 2120 1060 2205; baseline -0.002 -28"><span class='ocrx_word' id='word_1_158' title='bbox 118 2125 241 2179; x_wconf 87' lang='lat' dir='ltr'><strong>istarum</strong></span> <span class='ocrx_word' id='word_1_159' title='bbox 269 2124 421 2205; x_wconf 73' lang='lat' dir='ltr'><strong>scriptores</strong></span> <span class='ocrx_word' id='word_1_160' title='bbox 442 2122 499 2179; x_wconf 89' lang='lat' dir='ltr'><strong>alio</strong></span> <span class='ocrx_word' id='word_1_161' title='bbox 516 2126 547 2178; x_wconf 90' lang='lat' dir='ltr'><strong>ln</strong></span> <span class='ocrx_word' id='word_1_162' title='bbox 563 2125 627 2180; x_wconf 87' lang='lat' dir='ltr'><strong>loco</strong></span> <span class='ocrx_word' id='word_1_163' title='bbox 640 2142 700 2179; x_wconf 86' lang='lat' dir='ltr'><strong>non</strong></span> <span class='ocrx_word' id='word_1_164' title='bbox 717 2142 768 2197; x_wconf 84' lang='lat' dir='ltr'><strong>per</strong></span> <span class='ocrx_word' id='word_1_165' title='bbox 791 2140 820 2178; x_wconf 87' lang='lat' dir='ltr'><strong>se</strong></span> <span class='ocrx_word' id='word_1_166' title='bbox 837 2122 986 2187; x_wconf 84' lang='lat' dir='ltr'><strong>morbum,</strong></span> <span class='ocrx_word' id='word_1_167' title='bbox 1011 2120 1060 2176; x_wconf 89' lang='lat' dir='ltr'><strong>sed</strong></span> 
     </span>
     <span class='ocr_line' id='line_1_22' title="bbox 112 2210 1060 2287; baseline -0.004 -18"><span class='ocrx_word' id='word_1_168' title='bbox 112 2214 263 2276; x_wconf 81' lang='lat' dir='ltr'><strong>&#39;morbum</strong></span> <span class='ocrx_word' id='word_1_169' title='bbox 281 2210 420 2266; x_wconf 85' lang='lat' dir='ltr'><strong>sonticum</strong></span> <span class='ocrx_word' id='word_1_170' title='bbox 436 2217 582 2287; x_wconf 80' lang='lat' dir='ltr'><strong>appeliant.</strong></span> <span class='ocrx_word' id='word_1_171' title='bbox 593 2226 614 2250; x_wconf 76' lang='lat'><strong>‘⁹</strong></span> <span class='ocrx_word' id='word_1_172' title='bbox 644 2216 734 2287; x_wconf 15' lang='lat' dir='ltr'><strong>&#39;Haec</strong></span> <span class='ocrx_word' id='word_1_173' title='bbox 753 2213 888 2269; x_wconf 79' lang='lat' dir='ltr'><strong>hactenus</strong></span> <span class='ocrx_word' id='word_1_174' title='bbox 912 2213 946 2266; x_wconf 92' lang='lat' dir='ltr'><strong>ad</strong></span> <span class='ocrx_word' id='word_1_175' title='bbox 970 2211 1060 2281; x_wconf 80' lang='lat' dir='ltr'><strong>expli·</strong></span> 
     </span>
     <span class='ocr_line' id='line_1_23' title="bbox 129 2286 1131 2377; baseline -0.018 -7"><span class='ocrx_word' id='word_1_176' title='bbox 129 2303 264 2368; x_wconf 60' lang='lat' dir='ltr'><strong>millum·</strong></span> <span class='ocrx_word' id='word_1_177' title='bbox 288 2303 339 2371; x_wconf 70' lang='lat' dir='ltr'><strong>‘iul</strong></span> <span class='ocrx_word' id='word_1_178' title='bbox 360 2305 472 2360; x_wconf 87' lang='lat' dir='ltr'><strong>morbus</strong></span> <span class='ocrx_word' id='word_1_179' title='bbox 489 2308 539 2373; x_wconf 85' lang='lat' dir='ltr'><strong>sit,</strong></span> <span class='ocrx_word' id='word_1_180' title='bbox 555 2308 670 2377; x_wconf 80' lang='lat' dir='ltr'><strong>adjecit:</strong></span> <span class='ocrx_word' id='word_1_181' title='bbox 694 2286 876 2375; x_wconf 71' lang='lat' dir='ltr'><strong>de&#39;jumenu,</strong></span> <span class='ocrx_word' id='word_1_182' title='bbox 893 2302 961 2356; x_wconf 84' lang='lat' dir='ltr'><strong>haec</strong></span> <span class='ocrx_word' id='word_1_183' title='bbox 978 2303 1060 2356; x_wconf 87' lang='lat' dir='ltr'><strong>habet</strong></span> <span class='ocrx_word' id='word_1_184' title='bbox 1128 2346 1131 2352; x_wconf 91' lang='lat'><em>.</em></span> 
     </span>
     <span class='ocr_line' id='line_1_24' title="bbox 127 2393 1060 2473; baseline -0.004 -23"><span class='ocrx_word' id='word_1_185' title='bbox 127 2404 249 2455; x_wconf 79' lang='lat' dir='ltr'><strong>auctor:</strong></span> <span class='ocrx_word' id='word_1_186' title='bbox 264 2393 441 2466; x_wconf 65' lang='lat' dir='ltr'><strong>„jumentum</strong></span> <span class='ocrx_word' id='word_1_187' title='bbox 457 2416 568 2473; x_wconf 86' lang='lat' dir='ltr'><strong>quoque</strong></span> <span class='ocrx_word' id='word_1_188' title='bbox 585 2399 691 2454; x_wconf 84' lang='lat' dir='ltr'><strong>nou=id</strong></span> <span class='ocrx_word' id='word_1_189' title='bbox 708 2397 800 2453; x_wconf 88' lang='lat' dir='ltr'><strong>solum</strong></span> <span class='ocrx_word' id='word_1_190' title='bbox 818 2395 971 2463; x_wconf 77' lang='lat' dir='ltr'><strong>significat,</strong></span> <span class='ocrx_word' id='word_1_191' title='bbox 984 2394 1060 2464; x_wconf 83' lang='lat' dir='ltr'><strong>quod</strong></span> 
     </span>
     <span class='ocr_line' id='line_1_25' title="bbox 124 2486 1060 2563; baseline -0.006 -20"><span class='ocrx_word' id='word_1_192' title='bbox 124 2506 207 2543; x_wconf 90' lang='lat' dir='ltr'><strong>nuuc</strong></span> <span class='ocrx_word' id='word_1_193' title='bbox 223 2486 342 2551; x_wconf 79' lang='lat' dir='ltr'><strong>dicitur,</strong></span> <span class='ocrx_word' id='word_1_194' title='bbox 356 2486 403 2543; x_wconf 88' lang='lat' dir='ltr'><strong>sed</strong></span> <span class='ocrx_word' id='word_1_195' title='bbox 419 2492 596 2547; x_wconf 83' lang='lat' dir='ltr'><strong>vectabulum</strong></span> <span class='ocrx_word' id='word_1_196' title='bbox 610 2493 711 2559; x_wconf 87' lang='lat' dir='ltr'><strong>etism,</strong></span> <span class='ocrx_word' id='word_1_197' title='bbox 729 2489 806 2563; x_wconf 92' lang='lat' dir='ltr'><strong>quod</strong></span> <span class='ocrx_word' id='word_1_198' title='bbox 824 2487 961 2557; x_wconf 75' lang='lat' dir='ltr'><strong>siliunctis</strong></span> <span class='ocrx_word' id='word_1_199' title='bbox 978 2502 1060 2557; x_wconf 88' lang='lat' dir='ltr'><strong>peco-</strong></span> 
     </span>
     <span class='ocr_line' id='line_1_26' title="bbox 121 2578 1060 2652; baseline -0.006 -16"><span class='ocrx_word' id='word_1_200' title='bbox 121 2581 207 2638; x_wconf 82' lang='lat' dir='ltr'><strong>ribus</strong></span> <span class='ocrx_word' id='word_1_201' title='bbox 223 2578 398 2634; x_wconf 85' lang='lat' dir='ltr'><strong>trahebatur.</strong></span> <span class='ocrx_word' id='word_1_202' title='bbox 439 2583 553 2639; x_wconf 82' lang='lat' dir='ltr'><strong>Veteres</strong></span> <span class='ocrx_word' id='word_1_203' title='bbox 577 2584 652 2639; x_wconf 89' lang='lat' dir='ltr'><strong>enim</strong></span> <span class='ocrx_word' id='word_1_204' title='bbox 669 2584 759 2638; x_wconf 88' lang='lat' dir='ltr'><strong>nostri</strong></span> <span class='ocrx_word' id='word_1_205' title='bbox 782 2584 939 2652; x_wconf 87' lang='lat' dir='ltr'><strong>jumentum</strong></span> <span class='ocrx_word' id='word_1_206' title='bbox 961 2578 1060 2649; x_wconf 83' lang='lat' dir='ltr'><strong>ajun-</strong></span> 
     </span>
     <span class='ocr_line' id='line_1_27' title="bbox 123 2670 1133 2747; baseline -0.004 -19"><span class='ocrx_word' id='word_1_207' title='bbox 123 2672 220 2747; x_wconf 81' lang='lat' dir='ltr'><strong>gendo</strong></span> <span class='ocrx_word' id='word_1_208' title='bbox 237 2672 378 2727; x_wconf 86' lang='lat' dir='ltr'><strong>dixerunt.</strong></span> <span class='ocrx_word' id='word_1_209' title='bbox 403 2674 506 2732; x_wconf 80' lang='lat' dir='ltr'><strong>Arcera</strong></span> <span class='ocrx_word' id='word_1_210' title='bbox 523 2686 617 2732; x_wconf 86' lang='lat' dir='ltr'><strong>autem</strong></span> <span class='ocrx_word' id='word_1_211' title='bbox 635 2677 787 2729; x_wconf 83' lang='lat' dir='ltr'><strong>vocabatur</strong></span> <span class='ocrx_word' id='word_1_212' title='bbox 803 2672 941 2745; x_wconf 87' lang='lat' dir='ltr'><strong>plostrum</strong></span> <span class='ocrx_word' id='word_1_213' title='bbox 958 2682 1062 2727; x_wconf 87' lang='lat' dir='ltr'><strong>tectum</strong></span> <span class='ocrx_word' id='word_1_214' title='bbox 1129 2670 1133 2678; x_wconf 90' lang='lat'>&#39;</span> 
     </span>
     <span class='ocr_line' id='line_1_28' title="bbox 121 2764 1063 2839; baseline -0.008 -17"><span class='ocrx_word' id='word_1_215' title='bbox 121 2764 252 2839; x_wconf 75' lang='lat' dir='ltr'><strong>undique</strong></span> <span class='ocrx_word' id='word_1_216' title='bbox 269 2774 298 2818; x_wconf 82' lang='lat' dir='ltr'><strong>et</strong></span> <span class='ocrx_word' id='word_1_217' title='bbox 314 2764 469 2831; x_wconf 88' lang='lat' dir='ltr'><strong>munitum,</strong></span> <span class='ocrx_word' id='word_1_218' title='bbox 500 2769 580 2838; x_wconf 87' lang='lat' dir='ltr'><strong>quasi</strong></span> <span class='ocrx_word' id='word_1_219' title='bbox 597 2786 660 2823; x_wconf 87' lang='lat' dir='ltr'><strong>arca</strong></span> <span class='ocrx_word' id='word_1_220' title='bbox 678 2766 831 2839; x_wconf 86' lang='lat' dir='ltr'><strong>quaedam,</strong></span> <span class='ocrx_word' id='word_1_221' title='bbox 863 2783 962 2835; x_wconf 77' lang='lat' dir='ltr'><strong>magna</strong></span> <span class='ocrx_word' id='word_1_222' title='bbox 980 2764 1063 2818; x_wconf 82' lang='lat' dir='ltr'><strong>vesti-</strong></span> 
     </span>
     <span class='ocr_line' id='line_1_29' title="bbox 121 2855 1102 2933; baseline -0.006 -20"><span class='ocrx_word' id='word_1_223' title='bbox 121 2858 229 2913; x_wconf 86' lang='lat' dir='ltr'><strong>mentis</strong></span> <span class='ocrx_word' id='word_1_224' title='bbox 244 2857 377 2919; x_wconf 83' lang='lat' dir='ltr'><strong>instrats.</strong></span> <span class='ocrx_word' id='word_1_225' title='bbox 394 2875 449 2930; x_wconf 85' lang='lat' dir='ltr'><strong>qus</strong></span> <span class='ocrx_word' id='word_1_226' title='bbox 466 2860 552 2914; x_wconf 84' lang='lat' dir='ltr'><strong>nimis</strong></span> <span class='ocrx_word' id='word_1_227' title='bbox 570 2861 657 2933; x_wconf 80' lang='lat' dir='ltr'><strong>aegri,</strong></span> <span class='ocrx_word' id='word_1_228' title='bbox 673 2867 720 2914; x_wconf 87' lang='lat' dir='ltr'><strong>aut</strong></span> <span class='ocrx_word' id='word_1_229' title='bbox 738 2874 816 2913; x_wconf 87' lang='lat' dir='ltr'><strong>senes</strong></span> <span class='ocrx_word' id='word_1_230' title='bbox 833 2858 940 2930; x_wconf 91' lang='lat' dir='ltr'><strong>portari</strong></span> <span class='ocrx_word' id='word_1_231' title='bbox 957 2855 1062 2911; x_wconf 87' lang='lat' dir='ltr'><strong>cubau-</strong></span> <span class='ocrx_word' id='word_1_232' title='bbox 1099 2870 1102 2877; x_wconf 91' lang='lat'><em>·</em></span> 
     </span>
     <span class='ocr_line' id='line_1_30' title="bbox 79 2934 1069 3021; baseline -0.005 -18"><span class='ocrx_word' id='word_1_233' title='bbox 79 2982 103 3003; x_wconf 81' lang='grc'><strong>.-</strong></span> <span class='ocrx_word' id='word_1_234' title='bbox 122 2960 168 3005; x_wconf 79' lang='lat' dir='ltr'><strong>tes</strong></span> <span class='ocrx_word' id='word_1_235' title='bbox 185 2947 323 3004; x_wconf 80' lang='lat' dir='ltr'><strong>solebant.</strong></span> <span class='ocrx_word' id='word_1_236' title='bbox 363 2934 509 3021; x_wconf 82' lang='lat' dir='ltr'><strong>Quaenam</strong></span> <span class='ocrx_word' id='word_1_237' title='bbox 527 2952 567 3005; x_wconf 91' lang='lat' dir='ltr'><strong>ibi</strong></span> <span class='ocrx_word' id='word_1_238' title='bbox 585 2953 671 3021; x_wconf 80' lang='lat' dir='ltr'><strong>igitur</strong></span> <span class='ocrx_word' id='word_1_239' title='bbox 695 2951 830 3005; x_wconf 87' lang='lat' dir='ltr'><strong>acerbitas</strong></span> <span class='ocrx_word' id='word_1_240' title='bbox 845 2949 903 3001; x_wconf 85' lang='lat' dir='ltr'><strong>visa</strong></span> <span class='ocrx_word' id='word_1_241' title='bbox 921 2957 969 3008; x_wconf 88' lang='lat' dir='ltr'><strong>est,</strong></span> <span class='ocrx_word' id='word_1_242' title='bbox 987 2945 1069 3018; x_wconf 73' lang='lat' dir='ltr'><strong>quod</strong></span> 
     </span>
     <span class='ocr_line' id='line_1_31' title="bbox 125 3036 1064 3115; baseline -0.006 -20"><span class='ocrx_word' id='word_1_243' title='bbox 125 3041 159 3095; x_wconf 89' lang='lat' dir='ltr'><strong>in</strong></span> <span class='ocrx_word' id='word_1_244' title='bbox 176 3043 222 3113; x_wconf 88' lang='lat' dir='ltr'><strong>jus</strong></span> <span class='ocrx_word' id='word_1_245' title='bbox 241 3049 339 3112; x_wconf 78' lang='lat' dir='ltr'><strong>vocato</strong></span> <span class='ocrx_word' id='word_1_246' title='bbox 356 3045 537 3115; x_wconf 81' lang='lat' dir='ltr'><strong>pauperrimo</strong></span> <span class='ocrx_word' id='word_1_247' title='bbox 556 3043 666 3098; x_wconf 87' lang='lat' dir='ltr'><strong>homini</strong></span> <span class='ocrx_word' id='word_1_248' title='bbox 687 3043 727 3096; x_wconf 85' lang='lat' dir='ltr'><strong>vel</strong></span> <span class='ocrx_word' id='word_1_249' title='bbox 744 3039 835 3111; x_wconf 85' lang='lat' dir='ltr'><strong>inopi,</strong></span> <span class='ocrx_word' id='word_1_250' title='bbox 858 3039 906 3109; x_wconf 77' lang='lat' dir='ltr'><strong>qrri</strong></span> <span class='ocrx_word' id='word_1_251' title='bbox 924 3047 972 3090; x_wconf 84' lang='lat' dir='ltr'><strong>aut</strong></span> <span class='ocrx_word' id='word_1_252' title='bbox 988 3036 1064 3108; x_wconf 86' lang='lat' dir='ltr'><strong>pedi·</strong></span> 
     </span>
    </p>
   </div>
   <div class='ocr_carea' id='block_1_3' title="bbox 122 3127 1192 3215">
    <p class='ocr_par' dir='ltr' id='par_1_3' title="bbox 122 3127 1192 3215">
     <span class='ocr_line' id='line_1_32' title="bbox 122 3127 1192 3215; baseline -0.01 -26"><span class='ocrx_word' id='word_1_253' title='bbox 122 3134 180 3189; x_wconf 88' lang='lat' dir='ltr'><strong>bus</strong></span> <span class='ocrx_word' id='word_1_254' title='bbox 197 3133 273 3188; x_wconf 80' lang='lat' dir='ltr'><strong>forte</strong></span> <span class='ocrx_word' id='word_1_255' title='bbox 290 3135 379 3202; x_wconf 77' lang='lat' dir='ltr'><strong>aegris</strong></span> <span class='ocrx_word' id='word_1_256' title='bbox 391 3146 477 3200; x_wconf 82' lang='lat' dir='ltr'><strong>esset,</strong></span> <span class='ocrx_word' id='word_1_257' title='bbox 505 3147 553 3190; x_wconf 87' lang='lat' dir='ltr'><strong>aut</strong></span> <span class='ocrx_word' id='word_1_258' title='bbox 567 3154 627 3215; x_wconf 14' lang='lat' dir='ltr'><strong>&#39;quo</strong></span> <span class='ocrx_word' id='word_1_259' title='bbox 643 3136 699 3190; x_wconf 83' lang='lat' dir='ltr'><strong>alio</strong></span> <span class='ocrx_word' id='word_1_260' title='bbox 717 3151 783 3188; x_wconf 84' lang='lat' dir='ltr'><strong>casu</strong></span> <span class='ocrx_word' id='word_1_261' title='bbox 798 3129 907 3201; x_wconf 80' lang='lat' dir='ltr'><strong>ingredi</strong></span> <span class='ocrx_word' id='word_1_262' title='bbox 923 3145 984 3182; x_wconf 90' lang='lat' dir='ltr'><strong>non</strong></span> <span class='ocrx_word' id='word_1_263' title='bbox 1001 3127 1066 3200; x_wconf 83' lang='lat' dir='ltr'><strong>qui·</strong></span> <span class='ocrx_word' id='word_1_264' title='bbox 1135 3199 1141 3209; x_wconf 31' lang='lat'>⁸</span> <span class='ocrx_word' id='word_1_265' title='bbox 1188 3144 1192 3152; x_wconf 92' lang='lat'>·</span> 
     </span>
    </p>
   </div>
   <div class='ocr_carea' id='block_1_4' title="bbox 121 3221 1072 3951">
    <p class='ocr_par' dir='ltr' id='par_1_4' title="bbox 121 3221 1072 3951">
     <span class='ocr_line' id='line_1_33' title="bbox 125 3221 1066 3297; baseline -0.004 -17"><span class='ocrx_word' id='word_1_266' title='bbox 125 3234 183 3292; x_wconf 87' lang='lat' dir='ltr'><strong>ret,</strong></span> <span class='ocrx_word' id='word_1_267' title='bbox 202 3224 345 3297; x_wconf 84' lang='lat' dir='ltr'><strong>plostrum</strong></span> <span class='ocrx_word' id='word_1_268' title='bbox 361 3243 420 3287; x_wconf 73' lang='lat' dir='ltr'><strong>‚esse</strong></span> <span class='ocrx_word' id='word_1_269' title='bbox 436 3227 561 3282; x_wconf 90' lang='lat' dir='ltr'><strong>dandum</strong></span> <span class='ocrx_word' id='word_1_270' title='bbox 576 3236 762 3284; x_wconf 84' lang='lat' dir='ltr'><strong>censuerunt:</strong></span> <span class='ocrx_word' id='word_1_271' title='bbox 779 3240 871 3294; x_wconf 83' lang='lat' dir='ltr'><strong>neque</strong></span> <span class='ocrx_word' id='word_1_272' title='bbox 886 3221 1005 3275; x_wconf 89' lang='lat' dir='ltr'><strong>insterni</strong></span> <span class='ocrx_word' id='word_1_273' title='bbox 1023 3230 1066 3276; x_wconf 87' lang='lat' dir='ltr'><strong>ta·</strong></span> 
     </span>
     <span class='ocr_line' id='line_1_34' title="bbox 128 3296 1067 3393; baseline -0.005 -22"><span class='ocrx_word' id='word_1_274' title='bbox 128 3332 195 3371; x_wconf 86' lang='lat' dir='ltr'><strong>men</strong></span> <span class='ocrx_word' id='word_1_275' title='bbox 211 3316 328 3372; x_wconf 84' lang='lat' dir='ltr'><strong>delicate</strong></span> <span class='ocrx_word' id='word_1_276' title='bbox 344 3296 469 3375; x_wconf 67' lang='lat' dir='ltr'><strong>arceram</strong></span> <span class='ocrx_word' id='word_1_277' title='bbox 484 3320 644 3389; x_wconf 80' lang='lat' dir='ltr'><strong>jusserunt,&#39;</strong></span> <span class='ocrx_word' id='word_1_278' title='bbox 661 3317 795 3390; x_wconf 83' lang='lat' dir='ltr'><strong>quoniam</strong></span> <span class='ocrx_word' id='word_1_279' title='bbox 814 3315 881 3367; x_wconf 87' lang='lat' dir='ltr'><strong>satis</strong></span> <span class='ocrx_word' id='word_1_280' title='bbox 899 3321 970 3393; x_wconf 71' lang='lat' dir='ltr'><strong>esset</strong></span> <span class='ocrx_word' id='word_1_281' title='bbox 987 3312 1067 3366; x_wconf 80' lang='lat' dir='ltr'><strong>inra-</strong></span> 
     </span>
     <span class='ocr_line' id='line_1_35' title="bbox 127 3396 1066 3483; baseline -0.004 -21"><span class='ocrx_word' id='word_1_282' title='bbox 127 3406 188 3464; x_wconf 86' lang='lat' dir='ltr'><strong>lido</strong></span> <span class='ocrx_word' id='word_1_283' title='bbox 207 3396 321 3464; x_wconf 87' lang='lat' dir='ltr'><strong>homini</strong></span> <span class='ocrx_word' id='word_1_284' title='bbox 338 3411 522 3483; x_wconf 80' lang='lat' dir='ltr'><strong>vectabulum·</strong></span> <span class='ocrx_word' id='word_1_285' title='bbox 558 3411 650 3483; x_wconf 80' lang='lat' dir='ltr'><strong>Atque</strong></span> <span class='ocrx_word' id='word_1_286' title='bbox 673 3410 701 3483; x_wconf 88' lang='lat' dir='ltr'><strong>id</strong></span> <span class='ocrx_word' id='word_1_287' title='bbox 718 3409 861 3472; x_wconf 86' lang='lat' dir='ltr'><strong>lecerunt,</strong></span> <span class='ocrx_word' id='word_1_288' title='bbox 885 3422 922 3458; x_wconf 88' lang='lat' dir='ltr'><strong>ne</strong></span> <span class='ocrx_word' id='word_1_289' title='bbox 945 3406 1066 3459; x_wconf 87' lang='lat' dir='ltr'><strong>causatio</strong></span> 
     </span>
     <span class='ocr_line' id='line_1_36' title="bbox 123 3494 1069 3575; baseline -0.006 -19"><span class='ocrx_word' id='word_1_290' title='bbox 123 3502 180 3558; x_wconf 89' lang='lat' dir='ltr'><strong>ista</strong></span> <span class='ocrx_word' id='word_1_291' title='bbox 197 3500 276 3570; x_wconf 78' lang='lat' dir='ltr'><strong>aegri</strong></span> <span class='ocrx_word' id='word_1_292' title='bbox 291 3503 420 3572; x_wconf 84' lang='lat' dir='ltr'><strong>corporis</strong></span> <span class='ocrx_word' id='word_1_293' title='bbox 436 3512 600 3575; x_wconf 84' lang='lat' dir='ltr'><strong>perpetuam</strong></span> <span class='ocrx_word' id='word_1_294' title='bbox 623 3503 798 3557; x_wconf 83' lang='lat' dir='ltr'><strong>vacationem</strong></span> <span class='ocrx_word' id='word_1_295' title='bbox 820 3498 900 3552; x_wconf 86' lang='lat' dir='ltr'><strong>daret</strong></span> <span class='ocrx_word' id='word_1_296' title='bbox 921 3494 1005 3551; x_wconf 73' lang='lat' dir='ltr'><strong>lidan</strong></span> <span class='ocrx_word' id='word_1_297' title='bbox 1023 3495 1069 3550; x_wconf 88' lang='lat' dir='ltr'><strong>de·</strong></span> 
     </span>
     <span class='ocr_line' id='line_1_37' title="bbox 122 3587 1070 3667; baseline -0.011 -17"><span class='ocrx_word' id='word_1_298' title='bbox 122 3590 329 3663; x_wconf 71' lang='lat' dir='ltr'><strong>metantibus,</strong></span> <span class='ocrx_word' id='word_1_299' title='bbox 346 3595 472 3667; x_wconf 84' lang='lat' dir='ltr'><strong>jurisque</strong></span> <span class='ocrx_word' id='word_1_300' title='bbox 488 3595 612 3650; x_wconf 84' lang='lat' dir='ltr'><strong>actiones</strong></span> <span class='ocrx_word' id='word_1_301' title='bbox 628 3590 868 3648; x_wconf 83' lang='lat' dir='ltr'><strong>declinantibus.”</strong></span> <span class='ocrx_word' id='word_1_302' title='bbox 899 3587 988 3640; x_wconf 85' lang='lat' dir='ltr'><strong>Verba</strong></span> <span class='ocrx_word' id='word_1_303' title='bbox 1006 3587 1070 3641; x_wconf 82' lang='lat' dir='ltr'><strong>auc-</strong></span> 
     </span>
     <span class='ocr_line' id='line_1_38' title="bbox 122 3680 1070 3760; baseline -0.009 -17"><span class='ocrx_word' id='word_1_304' title='bbox 122 3685 198 3743; x_wconf 88' lang='lat' dir='ltr'><strong>toris</strong></span> <span class='ocrx_word' id='word_1_305' title='bbox 224 3683 345 3740; x_wconf 84' lang='lat' dir='ltr'><strong>omnino</strong></span> <span class='ocrx_word' id='word_1_306' title='bbox 369 3688 516 3760; x_wconf 79' lang='lat' dir='ltr'><strong>perspicus</strong></span> <span class='ocrx_word' id='word_1_307' title='bbox 542 3698 624 3751; x_wconf 85' lang='lat' dir='ltr'><strong>sunt,</strong></span> <span class='ocrx_word' id='word_1_308' title='bbox 666 3703 717 3739; x_wconf 85' lang='lat' dir='ltr'><strong>uec</strong></span> <span class='ocrx_word' id='word_1_309' title='bbox 748 3684 875 3752; x_wconf 83' lang='lat' dir='ltr'><strong>indigent</strong></span> <span class='ocrx_word' id='word_1_310' title='bbox 905 3680 1070 3751; x_wconf 81' lang='lat' dir='ltr'><strong>arcrrratiori</strong></span> 
     </span>
     <span class='ocr_line' id='line_1_39' title="bbox 121 3772 1072 3854; baseline -0.011 -17"><span class='ocrx_word' id='word_1_311' title='bbox 121 3774 325 3854; x_wconf 71' lang='lat' dir='ltr'><strong>explicatione·</strong></span> <span class='ocrx_word' id='word_1_312' title='bbox 379 3776 424 3836; x_wconf 75' lang='lat' dir='ltr'><strong>(il.</strong></span> <span class='ocrx_word' id='word_1_313' title='bbox 454 3778 531 3837; x_wconf 83' lang='lat' dir='ltr'><strong>Non.</strong></span> <span class='ocrx_word' id='word_1_314' title='bbox 560 3776 684 3834; x_wconf 85' lang='lat' dir='ltr'><strong>Marcell.</strong></span> <span class='ocrx_word' id='word_1_315' title='bbox 728 3796 755 3830; x_wconf 83' lang='lat' dir='ltr'><strong>r.</strong></span> <span class='ocrx_word' id='word_1_316' title='bbox 792 3774 999 3842; x_wconf 72' lang='lat' dir='ltr'><strong>„iumentum”</strong></span> <span class='ocrx_word' id='word_1_317' title='bbox 1034 3772 1072 3827; x_wconf 79' lang='lat' dir='ltr'><strong>&#39;et</strong></span> 
     </span>
     <span class='ocr_line' id='line_1_40' title="bbox 122 3864 338 3951; baseline 0 -7"><span class='ocrx_word' id='word_1_318' title='bbox 122 3864 287 3951; x_wconf 49' lang='lat' dir='ltr'><strong>‚arrera&#39;b</strong></span> <span class='ocrx_word' id='word_1_319' title='bbox 303 3888 338 3911; x_wconf 87' lang='grc'><strong>··</strong></span> 
     </span>
    </p>
   </div>
   <div class='ocr_carea' id='block_1_5' title="bbox 0 0 1212 4328">
    <p class='ocr_par' dir='ltr' id='par_1_5' title="bbox 0 0 1212 4328">
     <span class='ocr_line' id='line_1_41' title="bbox 0 0 1212 4328; baseline 0 0"><span class='ocrx_word' id='word_1_320' title='bbox 0 0 1212 4328; x_wconf 95' lang='lat' dir='ltr'><strong> </strong></span> 
     </span>
    </p>
   </div>
  </div>
 </body>
</html>
