2400 4328
485 209 525 223 ·-
569 172 717 239 267-

94 364 220 422 rentur.
263 346 346 415 cum
369 370 447 415 vero
478 357 566 411 tonte
595 344 799 413 adhiberetur
825 348 966 411 viromm
987 347 1099 411 multi·

93 464 188 545 ordo,
210 482 268 527 eos
288 460 413 525 Romae
432 455 754 539 retinuisse-sedem„
768 460 841 545 quis
862 469 911 523 est
933 478 1027 543 quem
1048 462 1100 523 ol·
1148 492 1152 507 ι

94 572 226 657 tendet,
259 580 374 657 utpote
401 588 485 654 ques
516 570 663 633 onmium
693 568 839 649 gentium
867 578 1020 653 tanquam
1041 588 1100 655 pro

89 694 204 770 -jecore
218 704 285 749 -seu
308 690 417 745 centro
437 690 524 745 esset
544 678 705 767 petendu,
728 700 791 767 quo
812 679 1022 748 convenirent
1039 700 1101 767 op·

91 800 179 863 time
195 790 352 885 periueci.
549 860 552 865 ,
778 857 781 861 ,
882 786 885 791 ’

123 934 126 941 ·
184 904 314 970 Verum
341 902 509 966 enimvero
539 919 560 962 s
589 910 737 987 tempore
767 896 971 967 Constantini
1002 898 1102 963 hosce
1146 944 1149 949 .

97 1016 330 1092 nonnemo,
360 1009 419 1077 sed
446 1012 482 1075 in
502 1010 573 1097 ipse
594 1007 796 1077 Constantini
815 1014 894 1077 orbe
914 1008 1025 1075 sedem
1043 1008 1104 1069 bn·
1167 1006 1169 1011 ’

96 1129 232 1207 baisse,
262 1126 293 1190 si
318 1124 478 1189 cntionem
507 1141 642 1207 sequor,
669 1120 758 1187 bend
785 1122 996 1212 improbabile
1020 1116 1104 1181 mibi

99 1234 243 1301 videtur·
292 1231 516 1303 centumviros
545 1220 647 1297 enim
663 1231 797 1299 diutins·
814 1254 912 1319 quem
939 1228 980 1295 ed
1006 1230 1104 1309 hujus

100 1342 307 1435 imperatoris
328 1353 467 1408 estatem
489 1340 661 1425 adhibitos,
669 1343 856 1431 ‚persuaderi
873 1342 969 1407 t'acile
979 1348 1104 1427 potest5

102 1457 184 1544 quin
203 1476 271 1521 non
291 1453 415 1535 dubito,
438 1474 494 1518 eos
514 1448 618 1515 'titisse
639 1452 682 1519 ud
701 1453 875 1521 Justinieni
893 1471 1000 1537 nsque
1019 1461 1105 1513 tem·

98 1586 199 1657 porus
220 1564 319 1653 idque
338 1561 557 1647 colligendum
577 1582 620 1627 ex
639 1566 795 1647 vestigiis,
817 1584 900 1653 quoe
921 1568 1050 1627 exstent
1065 1556 1107 1623 de

99 1680 144 1745 iis
165 1679 205 1743 in
225 1675 385 1765 Digestis,
407 1693 467 1743 nec
487 1692 556 1737 non
579 1669 695 1741 Codice
708 1671 774 1763 ³⁶).
813 1674 919 1742 Nemo
938 1672 1027 1737 enim
1047 1690 1108 1733 ne·

102 1786 213 1869 gabit,
247 1785 425 1851 novissimo
453 1792 601 1871 tempore
630 1784 794 1857 eumenes
822 1788 924 1851 luisse
952 1782 1108 1875 publices.

104 1894 202 1978 Ques
228 1914 279 1960 res
308 1914 382 1959 cum
402 1912 461 1981 per
481 1912 518 1959 se
530 1880 610 1961 ftuce
631 1894 675 1961 sit
695 1896 828 1978 clarior,
855 1899 901 1963 ite
922 1914 962 1961 ea
981 1912 1024 1959 ne
1045 1890 1107 1956 du·

101 2007 159 2072 bie
195 2002 332 2093 ¹quidem
372 2001 535 2069 videbitur
575 2005 759 2093 respicienti
803 2006 937 2071 titulum
980 2002 1106 2069 Codicis

102 2116 180 2200 „do
206 2114 308 2183 fiscali
334 2109 455 2179 hasla„
482 2113 675 2203 inscriptum
697 2112 762 2202 Π).
806 2115 875 2184 Vix
896 2129 1006 2182 antem
1025 2112 1107 2177 fides
1131 2148 1132 2153 =

106 2228 171 2291 erit
190 2226 238 2289 eis
256 2218 419 2297 iaciendo,
448 2221 505 2307 qui
525 2221 677 2289 traditum
697 2225 788 2289 nobis
811 2226 852 2289 de
873 2248 909 2291 re
929 2231 995 2307 jam
1016 2226 1110 2286 obso-

106 2339 177 2401 lete
204 2331 404 2410 existiment,
438 2333 468 2399 si
498 2342 533 2396 et
559 2332 595 2397 in
616 2331 757 2414 Digestis
787 2346 822 2399 et
841 2337 876 2399 in
898 2335 1016 2401 Codice
1037 2352 1113 2395 cen-

109 2444 327 2509 tumvirorum
346 2445 547 2509 mentionem
567 2434 816 2527 fierilegirnns,
838 2448 884 2510 ite
906 2458 944 2510 ut
964 2464 1115 2507 remex-

106 2554 296 2646 pediemus,
319 2556 567 2641 compilatorum
587 2558 748 2620 erroribus
769 2569 1002 2623 succensentes.
1046 2552 1112 2615 At-

109 2688 190 2735 rero
221 2667 364 2755 perbene
392 2664 478 2748 scio,
521 2676 704 2734 nostrorum
729 2671 883 2737 maluisse
910 2691 977 2736 non
1005 2664 1114 2730 nullos

107 2808 311 2852 ..·.....-..

113 2919 370 2995 ¹⁶)1nreniuntnr
390 2921 422 2974 in
437 2920 559 2992 Digestis
582 2921 617 2978 de
637 2928 819 2983 centumvir-is
833 2928 873 2987 ,bi
894 2931 967 2986 locis
989 2927 1009 2982 1.
1026 2926 1054 2983 1.
1070 2921 1115 2980 13.

183 3011 227 3070 15.
244 3010 266 3082 i.
283 3009 310 3069 2.
344 3009 426 3069 1⁵17.
449 3028 496 3085 ps.
515 3010 553 3065 lt.
577 3011 612 3067 de
627 3032 705 3087 quer.
724 3017 804 3076 inoff.
840 3018 860 3075 l.
878 3020 922 3077 id.
942 3022 977 3074 l).
995 3011 1073 3072 eod.¹
1091 3012 1114 3073 l·

182 3102 228 3160 30.
250 3102 288 3167 D.
312 3099 448 3156 deliber.
468 3100 550 3170 legat.
584 3101 605 3156 1.
622 3105 667 3163 76.
682 3106 721 3162 D.
746 3106 780 3164 de
802 3110 882 3180 leget.
898 3110 937 3165 11.
970 3108 1024 3162 His
1039 3122 1118 3161 soce·

184 3196 257 3250 dunt
270 3193 388 3249 fortene
403 3190 603 3263 inscriptiones
619 3198 780 3264 nonnullae,
799 3209 832 3254 nt
847 3197 933 3269 vulgo
948 3195 1062 3267 legitor,
1077 3195 1113 3253 de

187 3276 434 3342 centumviralibus
450 3282 569 3353 judiciis,
588 3284 625 3344 cl.
640 3287 659 3341 l.
667 3287 740 3344 228.
748 3290 792 3347 31.
800 3292 837 3348 D.
855 3290 889 3344 dc
903 3305 981 3361 quer.
995 3286 1117 3353 ionibus

188 3395 220 3431 ex
237 3374 337 3449 quibus
354 3386 456 3449 petest,
473 3372 621 3446 scripsisse
635 3378 753 3434 Psnlum
769 3380 874 3435 libr-nin
893 3380 928 3434 ds
945 3378 1034 3431 musis
1050 3394 1117 3431 cen·

189 3466 385 3523 tumvirelibus
402 3466 580 3538 singularem,
597 3484 668 3540 qous
684 3478 778 3524 temen
795 3471 828 3525 sd
845 3488 906 3527 rem
917 3479 1044 3523 nostrssn
1053 3484 1122 3539 pro·

188 3556 312 3615 nautam
335 3559 473 3630 pertinere
496 3576 555 3615 non
572 3570 700 3632 possunt.
717 3590 751 3604 ·—
775 3562 810 3616 ln
827 3562 930 3618 Codice
946 3559 981 3614 ds
996 3566 1124 3613 centum·

189 3649 258 3706 siris
277 3657 360 3704 sunta
377 3648 397 3703 l.
416 3650 460 3707 12.
479 3668 524 3725 pr.
542 3648 574 3710 C.
592 3650 626 3709 de
643 3652 737 3710 bened.
756 3652 835 3727 petit.
869 3652 890 3711 l.
907 3653 935 3710 4.
952 3649 986 3708 C.
1004 3648 1039 3706 de
1055 3647 1125 3704 libe·

191 3743 233 3797 ris
250 3740 418 3814 praeteritis.

128 3840 176 3905 Η)
194 3830 266 3890 cod.
286 3833 324 3898 X,
341 3830 383 3886 dn
406 3832 484 3898 „lle
509 3832 587 3887 ilde
610 3844 643 3891 et
668 3838 746 3905 iure
772 3836 895 3892 liestse
920 3828 1066 3889 liscslis
1090 3835 1126 3881 et

196 3925 236 3979 de
260 3923 576 3993 adjectionibus.”
