<?xml version="1.0" encoding="UTF-8"?>
<!DOCTYPE html PUBLIC "-//W3C//DTD XHTML 1.0 Transitional//EN"
    "http://www.w3.org/TR/xhtml1/DTD/xhtml1-transitional.dtd">
<html xmlns="http://www.w3.org/1999/xhtml" xml:lang="en" lang="en">
 <head>
  <title>
</title>
<meta http-equiv="Content-Type" content="text/html;charset=utf-8" />
  <meta name='ocr-system' content='tesseract 3.04.00' />
  <meta name='ocr-capabilities' content='ocr_page ocr_carea ocr_par ocr_line ocrx_word'/>
</head>
<body>
  <div class='ocr_page' id='page_1' title='image "./dejudicibusapud00tigegoog_0112.png"; bbox 0 0 2400 4328; ppageno 0'>
   <div class='ocr_carea' id='block_1_1' title="bbox 441 162 680 231">
    <p class='ocr_par' dir='ltr' id='par_1_1' title="bbox 441 162 680 231">
     <span class='ocr_line' id='line_1_1' title="bbox 441 162 680 231; baseline -0.021 -13"><span class='ocrx_word' id='word_1_1' title='bbox 441 162 680 231; x_wconf 71' lang='lat'>..09-</span> 
     </span>
    </p>
   </div>
   <div class='ocr_carea' id='block_1_2' title="bbox 10 328 1076 973">
    <p class='ocr_par' dir='ltr' id='par_1_2' title="bbox 57 328 1068 548">
     <span class='ocr_line' id='line_1_2' title="bbox 57 328 1068 433; baseline -0.017 -13"><span class='ocrx_word' id='word_1_2' title='bbox 57 363 169 419; x_wconf 80' lang='lat' dir='ltr'><strong>conns</strong></span> <span class='ocrx_word' id='word_1_3' title='bbox 190 354 341 433; x_wconf 79' lang='lat' dir='ltr'><strong>apertum</strong></span> <span class='ocrx_word' id='word_1_4' title='bbox 360 342 469 406; x_wconf 90' lang='lat' dir='ltr'><strong>locum</strong></span> <span class='ocrx_word' id='word_1_5' title='bbox 490 334 677 424; x_wconf 70' lang='lat' dir='ltr'><strong>disputem</strong></span> <span class='ocrx_word' id='word_1_6' title='bbox 712 354 791 399; x_wconf 88' lang='lat' dir='ltr'><strong>nam</strong></span> <span class='ocrx_word' id='word_1_7' title='bbox 811 337 858 399; x_wconf 89' lang='lat' dir='ltr'><strong>sic</strong></span> <span class='ocrx_word' id='word_1_8' title='bbox 886 328 1068 403; x_wconf 75' lang='lat' dir='ltr'><strong>exlissritum</strong></span> 
     </span>
     <span class='ocr_line' id='line_1_3' title="bbox 60 446 923 548; baseline -0.02 -23"><span class='ocrx_word' id='word_1_9' title='bbox 60 475 112 530; x_wconf 86' lang='lat' dir='ltr'><strong>est</strong></span> <span class='ocrx_word' id='word_1_10' title='bbox 130 482 179 548; x_wconf 79' lang='lat' dir='ltr'><strong>pr.</strong></span> <span class='ocrx_word' id='word_1_11' title='bbox 203 453 287 532; x_wconf 73' lang='lat' dir='ltr'><strong>lest,</strong></span> <span class='ocrx_word' id='word_1_12' title='bbox 309 450 350 517; x_wconf 83' lang='lat' dir='ltr'><strong>de</strong></span> <span class='ocrx_word' id='word_1_13' title='bbox 370 451 459 540; x_wconf 84' lang='lat' dir='ltr'>publ.</span> <span class='ocrx_word' id='word_1_14' title='bbox 478 446 575 535; x_wconf 59' lang='lat' dir='ltr'><strong>iuda:</strong></span> <span class='ocrx_word' id='word_1_15' title='bbox 920 462 923 467; x_wconf 89' lang='grc'><em>·</em></span> 
     </span>
    </p>

    <p class='ocr_par' dir='ltr' id='par_1_3' title="bbox 10 555 1076 973">
     <span class='ocr_line' id='line_1_4' title="bbox 60 555 1072 656; baseline -0.01 -21"><span class='ocrx_word' id='word_1_16' title='bbox 60 566 82 623; x_wconf 69' lang='grc'><strong>’.</strong></span> <span class='ocrx_word' id='word_1_17' title='bbox 102 567 270 656; x_wconf 77' lang='lat' dir='ltr'>„Publica</span> <span class='ocrx_word' id='word_1_18' title='bbox 292 560 411 645; x_wconf 85' lang='lat' dir='ltr'><strong>judicia</strong></span> <span class='ocrx_word' id='word_1_19' title='bbox 425 582 537 648; x_wconf 86' lang='lat' dir='ltr'><strong>neque</strong></span> <span class='ocrx_word' id='word_1_20' title='bbox 558 581 617 648; x_wconf 87' lang='lat' dir='ltr'><strong>per</strong></span> <span class='ocrx_word' id='word_1_21' title='bbox 638 559 780 624; x_wconf 76' lang='lat' dir='ltr'><strong>actiones</strong></span> <span class='ocrx_word' id='word_1_22' title='bbox 798 555 998 642; x_wconf 79' lang='lat' dir='ltr'><strong>ordinantur,</strong></span> <span class='ocrx_word' id='word_1_23' title='bbox 1012 581 1072 625; x_wconf 88' lang='lat' dir='ltr'><strong>ne·</strong></span> 
     </span>
     <span class='ocr_line' id='line_1_5' title="bbox 10 669 1074 770; baseline -0.01 -22"><span class='ocrx_word' id='word_1_24' title='bbox 10 728 11 733; x_wconf 37' lang='lat'>1</span> <span class='ocrx_word' id='word_1_25' title='bbox 79 669 169 770; x_wconf 62' lang='lat' dir='ltr'><strong>sque</strong></span> <span class='ocrx_word' id='word_1_26' title='bbox 200 676 336 743; x_wconf 88' lang='lat' dir='ltr'><strong>omnino</strong></span> <span class='ocrx_word' id='word_1_27' title='bbox 362 671 539 761; x_wconf 76' lang='lat' dir='ltr'><strong>quidquam</strong></span> <span class='ocrx_word' id='word_1_28' title='bbox 564 669 672 736; x_wconf 89' lang='lat' dir='ltr'><strong>simile</strong></span> <span class='ocrx_word' id='word_1_29' title='bbox 708 670 829 737; x_wconf 82' lang='lat' dir='ltr'><strong>habent</strong></span> <span class='ocrx_word' id='word_1_30' title='bbox 856 693 929 736; x_wconf 90' lang='lat' dir='ltr'><strong>cum</strong></span> <span class='ocrx_word' id='word_1_31' title='bbox 959 671 1074 738; x_wconf 88' lang='lat' dir='ltr'><strong>ceteris</strong></span> 
     </span>
     <span class='ocr_line' id='line_1_6' title="bbox 97 781 1076 878; baseline -0.011 -20"><span class='ocrx_word' id='word_1_32' title='bbox 97 789 251 878; x_wconf 84' lang='lat' dir='ltr'><strong>judiciis,</strong></span> <span class='ocrx_word' id='word_1_33' title='bbox 281 784 322 850; x_wconf 93' lang='lat' dir='ltr'><strong>de</strong></span> <span class='ocrx_word' id='word_1_34' title='bbox 343 786 457 872; x_wconf 84' lang='lat' dir='ltr'><strong>quibus</strong></span> <span class='ocrx_word' id='word_1_35' title='bbox 473 783 575 848; x_wconf 89' lang='lat' dir='ltr'><strong>locuti</strong></span> <span class='ocrx_word' id='word_1_36' title='bbox 595 803 727 847; x_wconf 85' lang='lat' dir='ltr'><strong>sumus:</strong></span> <span class='ocrx_word' id='word_1_37' title='bbox 761 803 942 869; x_wconf 86' lang='lat' dir='ltr'><strong>magnaque</strong></span> <span class='ocrx_word' id='word_1_38' title='bbox 967 781 1076 848; x_wconf 82' lang='lat' dir='ltr'><strong>diver·</strong></span> 
     </span>
     <span class='ocr_line' id='line_1_7' title="bbox 101 891 1047 973; baseline -0.013 -3"><span class='ocrx_word' id='word_1_39' title='bbox 101 906 187 970; x_wconf 84' lang='lat' dir='ltr'><strong>sitas</strong></span> <span class='ocrx_word' id='word_1_40' title='bbox 208 910 259 964; x_wconf 89' lang='lat' dir='ltr'><strong>est</strong></span> <span class='ocrx_word' id='word_1_41' title='bbox 281 917 395 963; x_wconf 85' lang='lat' dir='ltr'><strong>eorum</strong></span> <span class='ocrx_word' id='word_1_42' title='bbox 415 909 449 961; x_wconf 91' lang='lat' dir='ltr'><strong>et</strong></span> <span class='ocrx_word' id='word_1_43' title='bbox 468 898 505 961; x_wconf 91' lang='lat' dir='ltr'><strong>in</strong></span> <span class='ocrx_word' id='word_1_44' title='bbox 525 891 743 973; x_wconf 80' lang='lat' dir='ltr'><strong>instituendis,</strong></span> <span class='ocrx_word' id='word_1_45' title='bbox 764 904 804 959; x_wconf 71' lang='lat' dir='ltr'><strong>et·</strong></span> <span class='ocrx_word' id='word_1_46' title='bbox 820 892 1018 960; x_wconf 85' lang='lat' dir='ltr'><strong>exercendis.</strong></span> <span class='ocrx_word' id='word_1_47' title='bbox 1026 893 1047 929; x_wconf 88' lang='lat'><strong>”</strong></span> 
     </span>
    </p>
   </div>
   <div class='ocr_carea' id='block_1_3' title="bbox 511 1063 636 1152">
    <p class='ocr_par' dir='ltr' id='par_1_4' title="bbox 511 1063 636 1152">
     <span class='ocr_line' id='line_1_8' title="bbox 511 1063 636 1152; baseline -0.008 -21"><span class='ocrx_word' id='word_1_48' title='bbox 511 1069 539 1152; x_wconf 76' lang='lat' dir='ltr'><strong>l·</strong></span> <span class='ocrx_word' id='word_1_49' title='bbox 582 1063 636 1131; x_wconf 90' lang='lat'><strong>10.</strong></span> 
     </span>
    </p>
   </div>
   <div class='ocr_carea' id='block_1_4' title="bbox 16 1174 1187 3299">
    <p class='ocr_par' dir='ltr' id='par_1_5' title="bbox 16 1174 1159 2184">
     <span class='ocr_line' id='line_1_9' title="bbox 154 1174 1078 1293; baseline -0.004 -19"><span class='ocrx_word' id='word_1_50' title='bbox 154 1174 227 1274; x_wconf 77' lang='lat' dir='ltr'><strong>Jam</strong></span> <span class='ocrx_word' id='word_1_51' title='bbox 249 1207 362 1293; x_wconf 85' lang='lat' dir='ltr'><strong>paucis</strong></span> <span class='ocrx_word' id='word_1_52' title='bbox 383 1201 510 1285; x_wconf 83' lang='lat' dir='ltr'><strong>addam,</strong></span> <span class='ocrx_word' id='word_1_53' title='bbox 534 1201 611 1290; x_wconf 91' lang='lat' dir='ltr'><strong>quid</strong></span> <span class='ocrx_word' id='word_1_54' title='bbox 624 1182 858 1267; x_wconf 80' lang='lat' dir='ltr'><strong>eliisenserint.</strong></span> <span class='ocrx_word' id='word_1_55' title='bbox 904 1200 987 1268; x_wconf 79' lang='lat' dir='ltr'><strong>Cum</strong></span> <span class='ocrx_word' id='word_1_56' title='bbox 999 1224 1078 1271; x_wconf 78' lang='lat' dir='ltr'><strong>vero</strong></span> 
     </span>
     <span class='ocr_line' id='line_1_10' title="bbox 76 1315 1081 1403; baseline -0.006 -16"><span class='ocrx_word' id='word_1_57' title='bbox 76 1340 168 1387; x_wconf 82' lang='lat' dir='ltr'><strong>nemo</strong></span> <span class='ocrx_word' id='word_1_58' title='bbox 190 1328 298 1397; x_wconf 82' lang='lat' dir='ltr'><strong>esset,</strong></span> <span class='ocrx_word' id='word_1_59' title='bbox 331 1316 477 1402; x_wconf 87' lang='lat' dir='ltr'><strong>quirem</strong></span> <span class='ocrx_word' id='word_1_60' title='bbox 497 1317 593 1403; x_wconf 84' lang='lat' dir='ltr'><strong>plane</strong></span> <span class='ocrx_word' id='word_1_61' title='bbox 612 1326 756 1378; x_wconf 82' lang='lat' dir='ltr'><strong>nostram</strong></span> <span class='ocrx_word' id='word_1_62' title='bbox 776 1315 960 1381; x_wconf 81' lang='lat' dir='ltr'><strong>institueret</strong></span> <span class='ocrx_word' id='word_1_63' title='bbox 981 1338 1081 1403; x_wconf 84' lang='lat' dir='ltr'><strong>quao-</strong></span> 
     </span>
     <span class='ocr_line' id='line_1_11' title="bbox 72 1408 1084 1516; baseline 0 -22"><span class='ocrx_word' id='word_1_64' title='bbox 72 1454 159 1513; x_wconf 85' lang='lat' dir='ltr'><strong>rere,</strong></span> <span class='ocrx_word' id='word_1_65' title='bbox 182 1452 271 1497; x_wconf 88' lang='lat' dir='ltr'><strong>nunc</strong></span> <span class='ocrx_word' id='word_1_66' title='bbox 293 1447 332 1491; x_wconf 85' lang='lat' dir='ltr'><strong>ee</strong></span> <span class='ocrx_word' id='word_1_67' title='bbox 359 1428 455 1492; x_wconf 74' lang='lat' dir='ltr'><strong>unic&#39;e</strong></span> <span class='ocrx_word' id='word_1_68' title='bbox 484 1429 576 1492; x_wconf 78' lang='lat' dir='ltr'><strong>brevi</strong></span> <span class='ocrx_word' id='word_1_69' title='bbox 599 1408 785 1490; x_wconf 78' lang='lat' dir='ltr'><strong>collectione</strong></span> <span class='ocrx_word' id='word_1_70' title='bbox 806 1430 967 1493; x_wconf 83' lang='lat' dir='ltr'><strong>recenseri</strong></span> <span class='ocrx_word' id='word_1_71' title='bbox 987 1439 1084 1516; x_wconf 85' lang='lat' dir='ltr'><strong>pote-</strong></span> 
     </span>
     <span class='ocr_line' id='line_1_12' title="bbox 69 1537 1083 1628; baseline -0.005 -19"><span class='ocrx_word' id='word_1_72' title='bbox 69 1556 165 1619; x_wconf 88' lang='lat' dir='ltr'><strong>runt,</strong></span> <span class='ocrx_word' id='word_1_73' title='bbox 191 1560 275 1628; x_wconf 81' lang='lat' dir='ltr'><strong>quae</strong></span> <span class='ocrx_word' id='word_1_74' title='bbox 297 1541 422 1626; x_wconf 85' lang='lat' dir='ltr'><strong>passim</strong></span> <span class='ocrx_word' id='word_1_75' title='bbox 443 1559 462 1601; x_wconf 88' lang='lat' dir='ltr'><strong>e</strong></span> <span class='ocrx_word' id='word_1_76' title='bbox 483 1539 700 1626; x_wconf 83' lang='lat' dir='ltr'><strong>scriptoribus,</strong></span> <span class='ocrx_word' id='word_1_77' title='bbox 722 1537 778 1622; x_wconf 89' lang='lat' dir='ltr'><strong>qui</strong></span> <span class='ocrx_word' id='word_1_78' title='bbox 799 1548 945 1601; x_wconf 84' lang='lat' dir='ltr'><strong>veterem</strong></span> <span class='ocrx_word' id='word_1_79' title='bbox 966 1538 1083 1619; x_wconf 81' lang='lat' dir='ltr'><strong>egendi</strong></span> 
     </span>
     <span class='ocr_line' id='line_1_13' title="bbox 69 1630 1159 1733; baseline -0.003 -14"><span class='ocrx_word' id='word_1_80' title='bbox 69 1656 235 1719; x_wconf 78' lang='lat' dir='ltr'><strong>ustionem</strong></span> <span class='ocrx_word' id='word_1_81' title='bbox 250 1648 551 1731; x_wconf 83' lang='lat' dir='ltr'><strong>traderent,.alleta</strong></span> <span class='ocrx_word' id='word_1_82' title='bbox 572 1636 661 1714; x_wconf 76' lang='lat' dir='ltr'><strong>sunt.</strong></span> <span class='ocrx_word' id='word_1_83' title='bbox 702 1645 962 1712; x_wconf 86' lang='lat' dir='ltr'><strong>Monuerunt-de</strong></span> <span class='ocrx_word' id='word_1_84' title='bbox 979 1630 1084 1733; x_wconf 84' lang='lat' dir='ltr'><strong>injus</strong></span> <span class='ocrx_word' id='word_1_85' title='bbox 1128 1656 1159 1698; x_wconf 83' lang='lat'><strong>-&#39;</strong></span> 
     </span>
     <span class='ocr_line' id='line_1_14' title="bbox 74 1736 1086 1850; baseline -0.003 -20"><span class='ocrx_word' id='word_1_86' title='bbox 74 1765 268 1842; x_wconf 70' lang='lat' dir='ltr'><strong>vocatione,</strong></span> <span class='ocrx_word' id='word_1_87' title='bbox 297 1736 445 1827; x_wconf 77' lang='lat' dir='ltr'><strong>odilione¹</strong></span> <span class='ocrx_word' id='word_1_88' title='bbox 457 1761 595 1824; x_wconf 86' lang='lat' dir='ltr'><strong>actionis</strong></span> <span class='ocrx_word' id='word_1_89' title='bbox 616 1783 652 1825; x_wconf 87' lang='lat' dir='ltr'><strong>ac</strong></span> <span class='ocrx_word' id='word_1_90' title='bbox 671 1762 739 1825; x_wconf 90' lang='lat' dir='ltr'><strong>litis</strong></span> <span class='ocrx_word' id='word_1_91' title='bbox 759 1763 1014 1850; x_wconf 68' lang='lat' dir='ltr'><strong>contestatione:</strong></span> <span class='ocrx_word' id='word_1_92' title='bbox 1044 1760 1086 1828; x_wconf 89' lang='lat' dir='ltr'><strong>de</strong></span> 
     </span>
     <span class='ocr_line' id='line_1_15' title="bbox 78 1865 1086 1963; baseline 0.002 -25"><span class='ocrx_word' id='word_1_93' title='bbox 78 1865 117 1941; x_wconf 71' lang='lat' dir='ltr'><strong>r&#39;e</strong></span> <span class='ocrx_word' id='word_1_94' title='bbox 136 1875 208 1963; x_wconf 85' lang='lat' dir='ltr'><strong>ipss</strong></span> <span class='ocrx_word' id='word_1_95' title='bbox 231 1870 314 1958; x_wconf 89' lang='lat' dir='ltr'><strong>quid·</strong></span> <span class='ocrx_word' id='word_1_96' title='bbox 326 1873 498 1953; x_wconf 82' lang='lat' dir='ltr'><strong>senserint,</strong></span> <span class='ocrx_word' id='word_1_97' title='bbox 519 1868 627 1935; x_wconf 81' lang='lat' dir='ltr'><strong>dicere</strong></span> <span class='ocrx_word' id='word_1_98' title='bbox 649 1893 668 1933; x_wconf 82' lang='lat' dir='ltr'>a</span> <span class='ocrx_word' id='word_1_99' title='bbox 688 1883 801 1946; x_wconf 89' lang='lat' dir='ltr'><strong>nostro</strong></span> <span class='ocrx_word' id='word_1_100' title='bbox 822 1894 920 1963; x_wconf 84' lang='lat' dir='ltr'><strong>scopo</strong></span> <span class='ocrx_word' id='word_1_101' title='bbox 941 1875 1086 1940; x_wconf 76' lang='lat' dir='ltr'><strong>alienum</strong></span> 
     </span>
     <span class='ocr_line' id='line_1_16' title="bbox 78 1963 1087 2070; baseline -0.001 -18"><span class='ocrx_word' id='word_1_102' title='bbox 78 1987 173 2070; x_wconf 61' lang='lat' dir='ltr'><strong>erit,</strong></span> <span class='ocrx_word' id='word_1_103' title='bbox 196 1996 325 2049; x_wconf 83' lang='lat' dir='ltr'><strong>tentum</strong></span> <span class='ocrx_word' id='word_1_104' title='bbox 349 2005 415 2070; x_wconf 79' lang='lat' dir='ltr'><strong>quo</strong></span> <span class='ocrx_word' id='word_1_105' title='bbox 437 1980 551 2046; x_wconf 88' lang='lat' dir='ltr'><strong>ordine</strong></span> <span class='ocrx_word' id='word_1_106' title='bbox 577 2003 649 2048; x_wconf 88' lang='lat' dir='ltr'><strong>rem</strong></span> <span class='ocrx_word' id='word_1_107' title='bbox 680 1963 857 2070; x_wconf 75' lang='lat' dir='ltr'><strong>quemlibet</strong></span> <span class='ocrx_word' id='word_1_108' title='bbox 883 1995 986 2052; x_wconf 79' lang='lat' dir='ltr'><strong>sotem</strong></span> <span class='ocrx_word' id='word_1_109' title='bbox 1012 2008 1087 2052; x_wconf 85' lang='lat' dir='ltr'><strong>esse</strong></span> 
     </span>
     <span class='ocr_line' id='line_1_17' title="bbox 16 2093 922 2184; baseline -0.006 -21"><span class='ocrx_word' id='word_1_110' title='bbox 16 2118 22 2131; x_wconf 89' lang='lat'><strong>·</strong></span> <span class='ocrx_word' id='word_1_111' title='bbox 75 2100 121 2163; x_wconf 89' lang='lat' dir='ltr'><strong>iis</strong></span> <span class='ocrx_word' id='word_1_112' title='bbox 142 2099 303 2184; x_wconf 85' lang='lat' dir='ltr'><strong>placeret,</strong></span> <span class='ocrx_word' id='word_1_113' title='bbox 331 2096 473 2162; x_wconf 81' lang='lat' dir='ltr'><strong>breviter</strong></span> <span class='ocrx_word' id='word_1_114' title='bbox 493 2093 723 2183; x_wconf 78' lang='lat' dir='ltr'><strong>exponendum</strong></span> <span class='ocrx_word' id='word_1_115' title='bbox 743 2107 803 2160; x_wconf 87' lang='lat' dir='ltr'><strong>est.</strong></span> <span class='ocrx_word' id='word_1_116' title='bbox 919 2103 922 2109; x_wconf 81' lang='grc'>’</span> 
     </span>
    </p>

    <p class='ocr_par' dir='ltr' id='par_1_6' title="bbox 83 2188 1187 3299">
     <span class='ocr_line' id='line_1_18' title="bbox 168 2188 1090 2295; baseline 0 -25"><span class='ocrx_word' id='word_1_117' title='bbox 168 2205 225 2270; x_wconf 87' lang='lat' dir='ltr'><strong>De</strong></span> <span class='ocrx_word' id='word_1_118' title='bbox 253 2206 292 2267; x_wconf 88' lang='lat' dir='ltr'><strong>in</strong></span> <span class='ocrx_word' id='word_1_119' title='bbox 318 2188 561 2295; x_wconf 59' lang='lat' dir='ltr'><strong>jus&#39;rocatione</strong></span> <span class='ocrx_word' id='word_1_120' title='bbox 588 2201 678 2268; x_wconf 84' lang='lat' dir='ltr'><strong>haud</strong></span> <span class='ocrx_word' id='word_1_121' title='bbox 705 2205 752 2267; x_wconf 85' lang='lat' dir='ltr'><strong>ita</strong></span> <span class='ocrx_word' id='word_1_122' title='bbox 782 2223 900 2285; x_wconf 81' lang='lat' dir='ltr'><strong>magne</strong></span> <span class='ocrx_word' id='word_1_123' title='bbox 930 2203 1090 2270; x_wconf 84' lang='lat' dir='ltr'><strong>discordie</strong></span> 
     </span>
     <span class='ocr_line' id='line_1_19' title="bbox 89 2310 1116 2403; baseline 0.003 -24"><span class='ocrx_word' id='word_1_124' title='bbox 89 2327 176 2403; x_wconf 81' lang='lat' dir='ltr'><strong>erat:</strong></span> <span class='ocrx_word' id='word_1_125' title='bbox 200 2310 320 2399; x_wconf 86' lang='lat' dir='ltr'><strong>duplici</strong></span> <span class='ocrx_word' id='word_1_126' title='bbox 337 2314 403 2379; x_wconf 83' lang='lat' dir='ltr'><strong>iere</strong></span> <span class='ocrx_word' id='word_1_127' title='bbox 421 2311 518 2379; x_wconf 93' lang='lat' dir='ltr'><strong>modo</strong></span> <span class='ocrx_word' id='word_1_128' title='bbox 539 2311 744 2402; x_wconf 80' lang='lat' dir='ltr'><strong>disputarunt</strong></span> <span class='ocrx_word' id='word_1_129' title='bbox 758 2311 855 2393; x_wconf 90' lang='lat' dir='ltr'><strong>docti,</strong></span> <span class='ocrx_word' id='word_1_130' title='bbox 870 2315 968 2400; x_wconf 84' lang='lat' dir='ltr'><strong>plene</strong></span> <span class='ocrx_word' id='word_1_131' title='bbox 980 2329 1092 2382; x_wconf 86' lang='lat' dir='ltr'><strong>temen</strong></span> <span class='ocrx_word' id='word_1_132' title='bbox 1114 2320 1116 2325; x_wconf 84' lang='grc'><strong>’</strong></span> 
     </span>
     <span class='ocr_line' id='line_1_20' title="bbox 85 2417 1097 2516; baseline 0 -23"><span class='ocrx_word' id='word_1_133' title='bbox 85 2426 153 2493; x_wconf 85' lang='lat' dir='ltr'><strong>sibi</strong></span> <span class='ocrx_word' id='word_1_134' title='bbox 173 2417 357 2490; x_wconf 72' lang='lat' dir='ltr'><strong>coenaria·</strong></span> <span class='ocrx_word' id='word_1_135' title='bbox 379 2424 452 2504; x_wconf 72' lang='lat' dir='ltr'><strong>Alii</strong></span> <span class='ocrx_word' id='word_1_136' title='bbox 472 2445 664 2516; x_wconf 82' lang='lat' dir='ltr'><strong>persuasum</strong></span> <span class='ocrx_word' id='word_1_137' title='bbox 683 2423 864 2504; x_wconf 82' lang='lat' dir='ltr'><strong>habebant,</strong></span> <span class='ocrx_word' id='word_1_138' title='bbox 895 2424 932 2488; x_wconf 91' lang='lat' dir='ltr'><strong>in</strong></span> <span class='ocrx_word' id='word_1_139' title='bbox 958 2429 1008 2506; x_wconf 86' lang='lat' dir='ltr'><strong>jus</strong></span> <span class='ocrx_word' id='word_1_140' title='bbox 1032 2444 1097 2493; x_wconf 53' lang='grc' dir='ltr'><strong>τοι</strong></span> 
     </span>
     <span class='ocr_line' id='line_1_21' title="bbox 85 2530 1094 2618; baseline -0.002 -13"><span class='ocrx_word' id='word_1_141' title='bbox 85 2539 251 2605; x_wconf 80' lang='lat' dir='ltr'><strong>cntionem</strong></span> <span class='ocrx_word' id='word_1_142' title='bbox 261 2535 360 2600; x_wconf 79' lang='lat' dir='ltr'><strong>fuisse</strong></span> <span class='ocrx_word' id='word_1_143' title='bbox 376 2530 419 2600; x_wconf 88' lang='lat' dir='ltr'><strong>ad</strong></span> <span class='ocrx_word' id='word_1_144' title='bbox 431 2535 637 2618; x_wconf 86' lang='lat' dir='ltr'><strong>Praetorem3</strong></span> <span class='ocrx_word' id='word_1_145' title='bbox 658 2537 726 2613; x_wconf 71' lang='lat' dir='ltr'><strong>alii,</strong></span> <span class='ocrx_word' id='word_1_146' title='bbox 748 2534 950 2618; x_wconf 89' lang='lat' dir='ltr'><strong>adjudicem.</strong></span> <span class='ocrx_word' id='word_1_147' title='bbox 993 2536 1094 2604; x_wconf 83' lang='lat' dir='ltr'><strong>Recta</strong></span> 
     </span>
     <span class='ocr_line' id='line_1_22' title="bbox 83 2645 1098 2737; baseline -0.001 -22"><span class='ocrx_word' id='word_1_148' title='bbox 83 2650 224 2737; x_wconf 84' lang='lat' dir='ltr'><strong>utreque</strong></span> <span class='ocrx_word' id='word_1_149' title='bbox 245 2647 406 2715; x_wconf 84' lang='lat' dir='ltr'><strong>sententie</strong></span> <span class='ocrx_word' id='word_1_150' title='bbox 426 2659 494 2728; x_wconf 90' lang='lat' dir='ltr'><strong>est,</strong></span> <span class='ocrx_word' id='word_1_151' title='bbox 516 2661 554 2712; x_wconf 91' lang='lat' dir='ltr'><strong>ut</strong></span> <span class='ocrx_word' id='word_1_152' title='bbox 572 2645 757 2734; x_wconf 83' lang='lat' dir='ltr'><strong>parimodo</strong></span> <span class='ocrx_word' id='word_1_153' title='bbox 779 2660 813 2712; x_wconf 91' lang='lat' dir='ltr'><strong>et</strong></span> <span class='ocrx_word' id='word_1_154' title='bbox 831 2649 927 2730; x_wconf 85' lang='lat' dir='ltr'><strong>hene,-</strong></span> <span class='ocrx_word' id='word_1_155' title='bbox 950 2659 984 2714; x_wconf 92' lang='lat' dir='ltr'><strong>et</strong></span> <span class='ocrx_word' id='word_1_156' title='bbox 1003 2646 1098 2719; x_wconf 82' lang='lat' dir='ltr'><strong>illem</strong></span> 
     </span>
     <span class='ocr_line' id='line_1_23' title="bbox 86 2755 1113 2855; baseline 0.002 -28"><span class='ocrx_word' id='word_1_157' title='bbox 86 2758 280 2855; x_wconf 78' lang='lat' dir='ltr'><strong>collaudem¹</strong></span> <span class='ocrx_word' id='word_1_158' title='bbox 324 2759 372 2823; x_wconf 84' lang='lat' dir='ltr'><strong>At</strong></span> <span class='ocrx_word' id='word_1_159' title='bbox 391 2755 428 2822; x_wconf 92' lang='lat' dir='ltr'><strong>id</strong></span> <span class='ocrx_word' id='word_1_160' title='bbox 447 2760 567 2826; x_wconf 81' lang='lat' dir='ltr'><strong>falsum</strong></span> <span class='ocrx_word' id='word_1_161' title='bbox 588 2773 649 2850; x_wconf 84' lang='lat' dir='ltr'><strong>est,</strong></span> <span class='ocrx_word' id='word_1_162' title='bbox 672 2759 775 2847; x_wconf 87' lang='lat' dir='ltr'><strong>quod,</strong></span> <span class='ocrx_word' id='word_1_163' title='bbox 789 2774 862 2826; x_wconf 88' lang='lat' dir='ltr'><strong>cum</strong></span> <span class='ocrx_word' id='word_1_164' title='bbox 874 2762 1007 2827; x_wconf 84' lang='lat' dir='ltr'><strong>alteram</strong></span> <span class='ocrx_word' id='word_1_165' title='bbox 1020 2755 1113 2830; x_wconf 77' lang='lat' dir='ltr'><strong>sen-&#39;</strong></span> 
     </span>
     <span class='ocr_line' id='line_1_24' title="bbox 88 2853 1114 2957; baseline 0.004 -22"><span class='ocrx_word' id='word_1_166' title='bbox 88 2864 228 2935; x_wconf 81' lang='lat' dir='ltr'><strong>tentiam</strong></span> <span class='ocrx_word' id='word_1_167' title='bbox 248 2869 444 2949; x_wconf 86' lang='lat' dir='ltr'><strong>retinerent,</strong></span> <span class='ocrx_word' id='word_1_168' title='bbox 467 2872 603 2936; x_wconf 81' lang='lat' dir='ltr'><strong>alteram</strong></span> <span class='ocrx_word' id='word_1_169' title='bbox 623 2853 681 2936; x_wconf 80' lang='lat' dir='ltr'><strong>eut</strong></span> <span class='ocrx_word' id='word_1_170' title='bbox 701 2872 883 2957; x_wconf 82' lang='lat' dir='ltr'><strong>nescirent,</strong></span> <span class='ocrx_word' id='word_1_171' title='bbox 913 2874 1114 2955; x_wconf 12' lang='lat' dir='ltr'><strong>auttferenss</strong></span> 
     </span>
     <span class='ocr_line' id='line_1_25' title="bbox 89 2974 1100 3071; baseline 0.003 -24"><span class='ocrx_word' id='word_1_172' title='bbox 89 2980 168 3047; x_wconf 81' lang='lat' dir='ltr'><strong>dnm</strong></span> <span class='ocrx_word' id='word_1_173' title='bbox 188 3000 262 3047; x_wconf 88' lang='lat' dir='ltr'><strong>esse</strong></span> <span class='ocrx_word' id='word_1_174' title='bbox 281 2974 438 3064; x_wconf 78' lang='lat' dir='ltr'><strong>negarent</strong></span> <span class='ocrx_word' id='word_1_175' title='bbox 444 3005 454 3064; x_wconf 88' lang='lat'>;</span> <span class='ocrx_word' id='word_1_176' title='bbox 475 2992 512 3047; x_wconf 88' lang='lat' dir='ltr'><strong>ut</strong></span> <span class='ocrx_word' id='word_1_177' title='bbox 533 2980 664 3071; x_wconf 86' lang='lat' dir='ltr'><strong>quidem</strong></span> <span class='ocrx_word' id='word_1_178' title='bbox 684 2981 855 3064; x_wconf 81' lang='lat' dir='ltr'><strong>dicerent,¹</strong></span> <span class='ocrx_word' id='word_1_179' title='bbox 871 2983 909 3045; x_wconf 91' lang='lat' dir='ltr'><strong>in</strong></span> <span class='ocrx_word' id='word_1_180' title='bbox 927 2986 980 3066; x_wconf 85' lang='lat' dir='ltr'><strong>jus</strong></span> <span class='ocrx_word' id='word_1_181' title='bbox 1000 3004 1100 3050; x_wconf 78' lang='lat' dir='ltr'><strong>voca·</strong></span> 
     </span>
     <span class='ocr_line' id='line_1_26' title="bbox 87 3090 1187 3175; baseline 0.002 -17"><span class='ocrx_word' id='word_1_182' title='bbox 87 3094 217 3158; x_wconf 81' lang='lat' dir='ltr'><strong>tionem</strong></span> <span class='ocrx_word' id='word_1_183' title='bbox 235 3091 338 3161; x_wconf 81' lang='lat' dir='ltr'><strong>fuisse</strong></span> <span class='ocrx_word' id='word_1_184' title='bbox 359 3091 402 3156; x_wconf 85' lang='lat' dir='ltr'><strong>ed</strong></span> <span class='ocrx_word' id='word_1_185' title='bbox 421 3092 581 3175; x_wconf 84' lang='lat' dir='ltr'><strong>judicem,</strong></span> <span class='ocrx_word' id='word_1_186' title='bbox 605 3115 673 3157; x_wconf 89' lang='lat' dir='ltr'><strong>non</strong></span> <span class='ocrx_word' id='word_1_187' title='bbox 685 3090 734 3158; x_wconf 84' lang='lat' dir='ltr'><strong>&#39;ad</strong></span> <span class='ocrx_word' id='word_1_188' title='bbox 753 3093 942 3161; x_wconf 80' lang='lat' dir='ltr'><strong>Praetorem</strong></span> <span class='ocrx_word' id='word_1_189' title='bbox 964 3093 1014 3171; x_wconf 84' lang='lat'><strong>¹).</strong></span> <span class='ocrx_word' id='word_1_190' title='bbox 1044 3090 1102 3161; x_wconf 85' lang='lat' dir='ltr'><strong>Ad</strong></span> <span class='ocrx_word' id='word_1_191' title='bbox 1184 3114 1187 3122; x_wconf 91' lang='lat'>·</span> 
     </span>
     <span class='ocr_line' id='line_1_27' title="bbox 88 3201 1104 3299; baseline -0.002 -30"><span class='ocrx_word' id='word_1_192' title='bbox 88 3201 282 3269; x_wconf 74' lang='lat' dir='ltr'><strong>Praetorem</strong></span> <span class='ocrx_word' id='word_1_193' title='bbox 325 3201 525 3269; x_wconf 82' lang='lat' dir='ltr'><strong>adversarius</strong></span> <span class='ocrx_word' id='word_1_194' title='bbox 564 3206 753 3285; x_wconf 79' lang='lat' dir='ltr'><strong>vocabatur,</strong></span> <span class='ocrx_word' id='word_1_195' title='bbox 782 3202 885 3299; x_wconf 24' lang='lat' dir='ltr'><strong>&#39;haud</strong></span> <span class='ocrx_word' id='word_1_196' title='bbox 924 3222 1017 3267; x_wconf 87' lang='lat' dir='ltr'><strong>secus</strong></span> <span class='ocrx_word' id='word_1_197' title='bbox 1060 3203 1104 3278; x_wconf 84' lang='lat' dir='ltr'><strong>ed</strong></span> 
     </span>
    </p>
   </div>
   <div class='ocr_carea' id='block_1_5' title="bbox 21 3362 300 3387">
    <p class='ocr_par' dir='ltr' id='par_1_7' title="bbox 21 3362 300 3387">
     <span class='ocr_line' id='line_1_28' title="bbox 21 3362 300 3387; baseline 0 -2"><span class='ocrx_word' id='word_1_198' title='bbox 21 3362 300 3387; x_wconf 52' lang='grc' dir='ltr'><strong>Α*</strong></span> 
     </span>
    </p>
   </div>
   <div class='ocr_carea' id='block_1_6' title="bbox 91 3462 1116 3984">
    <p class='ocr_par' dir='ltr' id='par_1_8' title="bbox 91 3462 1116 3905">
     <span class='ocr_line' id='line_1_29' title="bbox 91 3462 1116 3548; baseline -0.004 -24"><span class='ocrx_word' id='word_1_199' title='bbox 91 3468 133 3542; x_wconf 69' lang='grc' dir='ltr'><strong>ξ)</strong></span> <span class='ocrx_word' id='word_1_200' title='bbox 147 3465 276 3524; x_wconf 70' lang='lat' dir='ltr'><strong>Insiluit</strong></span> <span class='ocrx_word' id='word_1_201' title='bbox 289 3476 385 3526; x_wconf 85' lang='lat' dir='ltr'><strong>tamen</strong></span> <span class='ocrx_word' id='word_1_202' title='bbox 399 3471 490 3544; x_wconf 78' lang='lat' dir='ltr'><strong>snsgis</strong></span> <span class='ocrx_word' id='word_1_203' title='bbox 508 3468 647 3527; x_wconf 77' lang='lat' dir='ltr'><strong>sententis</strong></span> <span class='ocrx_word' id='word_1_204' title='bbox 663 3475 771 3535; x_wconf 82' lang='lat' dir='ltr'><strong>eornm,</strong></span> <span class='ocrx_word' id='word_1_205' title='bbox 786 3465 836 3546; x_wconf 78' lang='lat' dir='ltr'><strong>qni</strong></span> <span class='ocrx_word' id='word_1_206' title='bbox 851 3462 1000 3548; x_wconf 80' lang='lat' dir='ltr'><strong>probaturi</strong></span> <span class='ocrx_word' id='word_1_207' title='bbox 1015 3473 1116 3543; x_wconf 52' lang='lat' dir='ltr'><strong>erant„</strong></span> 
     </span>
     <span class='ocr_line' id='line_1_30' title="bbox 167 3554 1107 3630; baseline -0.002 -17"><span class='ocrx_word' id='word_1_208' title='bbox 167 3560 261 3630; x_wconf 81' lang='lat' dir='ltr'><strong>injus</strong></span> <span class='ocrx_word' id='word_1_209' title='bbox 278 3563 455 3619; x_wconf 74' lang='lat' dir='ltr'><strong>coridonem</strong></span> <span class='ocrx_word' id='word_1_210' title='bbox 473 3562 559 3620; x_wconf 83' lang='lat' dir='ltr'><strong>luisse</strong></span> <span class='ocrx_word' id='word_1_211' title='bbox 575 3560 610 3618; x_wconf 87' lang='lat' dir='ltr'><strong>ad</strong></span> <span class='ocrx_word' id='word_1_212' title='bbox 624 3562 799 3626; x_wconf 69' lang='lat' dir='ltr'><strong>Praetorcms</strong></span> <span class='ocrx_word' id='word_1_213' title='bbox 814 3556 1021 3616; x_wconf 69' lang='lat' dir='ltr'><strong>accuratissime</strong></span> <span class='ocrx_word' id='word_1_214' title='bbox 1033 3554 1107 3613; x_wconf 76' lang='lat' dir='ltr'><strong>hanc</strong></span> 
     </span>
     <span class='ocr_line' id='line_1_31' title="bbox 170 3642 1107 3725; baseline -0.006 -17"><span class='ocrx_word' id='word_1_215' title='bbox 170 3651 298 3708; x_wconf 72' lang='lat' dir='ltr'><strong>defendit</strong></span> <span class='ocrx_word' id='word_1_216' title='bbox 320 3657 489 3712; x_wconf 83' lang='lat' dir='ltr'><strong>sententiam</strong></span> <span class='ocrx_word' id='word_1_217' title='bbox 510 3654 643 3720; x_wconf 78' lang='lat' dir='ltr'><strong>vinnius,</strong></span> <span class='ocrx_word' id='word_1_218' title='bbox 661 3652 775 3714; x_wconf 83' lang='lat' dir='ltr'><strong>selectae</strong></span> <span class='ocrx_word' id='word_1_219' title='bbox 801 3650 978 3725; x_wconf 79' lang='lat' dir='ltr'><strong>quaestiones</strong></span> <span class='ocrx_word' id='word_1_220' title='bbox 1001 3648 1030 3719; x_wconf 91' lang='lat' dir='ltr'><strong>l,</strong></span> <span class='ocrx_word' id='word_1_221' title='bbox 1063 3642 1107 3705; x_wconf 80' lang='grc'><strong>15.</strong></span> 
     </span>
     <span class='ocr_line' id='line_1_32' title="bbox 170 3740 1109 3821; baseline -0.007 -21"><span class='ocrx_word' id='word_1_222' title='bbox 170 3746 325 3802; x_wconf 81' lang='lat' dir='ltr'><strong>Processus</strong></span> <span class='ocrx_word' id='word_1_223' title='bbox 338 3747 480 3820; x_wconf 82' lang='lat' dir='ltr'><strong>judiciarii</strong></span> <span class='ocrx_word' id='word_1_224' title='bbox 496 3755 618 3821; x_wconf 73' lang='lat' dir='ltr'><strong>quotuor</strong></span> <span class='ocrx_word' id='word_1_225' title='bbox 632 3754 726 3820; x_wconf 79' lang='lat' dir='ltr'><strong>pestes</strong></span> <span class='ocrx_word' id='word_1_226' title='bbox 748 3760 807 3799; x_wconf 85' lang='lat' dir='ltr'><strong>esse</strong></span> <span class='ocrx_word' id='word_1_227' title='bbox 829 3742 883 3797; x_wconf 82' lang='lat' dir='ltr'><strong>sits</strong></span> <span class='ocrx_word' id='word_1_228' title='bbox 914 3741 947 3795; x_wconf 91' lang='lat' dir='ltr'><strong>in</strong></span> <span class='ocrx_word' id='word_1_229' title='bbox 963 3740 1009 3811; x_wconf 86' lang='lat' dir='ltr'><strong>jus</strong></span> <span class='ocrx_word' id='word_1_230' title='bbox 1025 3754 1109 3794; x_wconf 83' lang='lat' dir='ltr'><strong>voes-</strong></span> 
     </span>
     <span class='ocr_line' id='line_1_33' title="bbox 171 3831 1111 3905; baseline -0.005 -14"><span class='ocrx_word' id='word_1_231' title='bbox 171 3835 298 3892; x_wconf 81' lang='lat' dir='ltr'><strong>tionems</strong></span> <span class='ocrx_word' id='word_1_232' title='bbox 332 3838 390 3895; x_wconf 84' lang='lat' dir='ltr'><strong>litis</strong></span> <span class='ocrx_word' id='word_1_233' title='bbox 414 3838 659 3895; x_wconf 81' lang='lat' dir='ltr'><strong>conteststiooemr</strong></span> <span class='ocrx_word' id='word_1_234' title='bbox 688 3851 785 3893; x_wconf 82' lang='lat' dir='ltr'><strong>csusse</strong></span> <span class='ocrx_word' id='word_1_235' title='bbox 811 3831 1017 3905; x_wconf 75' lang='lat' dir='ltr'><strong>cognitionem</strong></span> <span class='ocrx_word' id='word_1_236' title='bbox 1044 3836 1111 3886; x_wconf 76' lang='lat' dir='ltr'><strong>stn-</strong></span> 
     </span>
    </p>

    <p class='ocr_par' dir='ltr' id='par_1_9' title="bbox 114 3924 1070 3984">
     <span class='ocr_line' id='line_1_34' title="bbox 114 3924 1070 3984; baseline -0.003 -2"><span class='ocrx_word' id='word_1_237' title='bbox 114 3940 120 3948; x_wconf 87' lang='lat'><strong>·</strong></span> <span class='ocrx_word' id='word_1_238' title='bbox 171 3928 302 3984; x_wconf 79' lang='lat' dir='ltr'><strong>tentiam.</strong></span> <span class='ocrx_word' id='word_1_239' title='bbox 326 3976 328 3982; x_wconf 95' lang='lat'><em>.</em></span> <span class='ocrx_word' id='word_1_240' title='bbox 683 3936 686 3943; x_wconf 89' lang='grc'><strong><em>’</em></strong></span> <span class='ocrx_word' id='word_1_241' title='bbox 933 3942 936 3950; x_wconf 72' lang='grc'><strong>’</strong></span> <span class='ocrx_word' id='word_1_242' title='bbox 1059 3924 1070 3950; x_wconf 88' lang='grc'><strong>·’</strong></span> 
     </span>
    </p>
   </div>
   <div class='ocr_carea' id='block_1_7' title="bbox 0 0 1224 4328">
    <p class='ocr_par' dir='ltr' id='par_1_10' title="bbox 0 0 1224 4328">
     <span class='ocr_line' id='line_1_35' title="bbox 0 0 1224 4328; baseline 0 0"><span class='ocrx_word' id='word_1_243' title='bbox 0 0 1224 4328; x_wconf 95' lang='lat' dir='ltr'><strong> </strong></span> 
     </span>
    </p>
   </div>
  </div>
 </body>
</html>
