2400 4328
440 153 769 222 5-72..

117 345 151 402 et
171 329 317 397 advocati
336 329 565 414 litigantesque
591 329 739 405 jurabant
758 328 979 412 jusjurandum
1002 336 1135 403 calum.

117 448 192 512 nise
215 438 289 521 ιοι.
329 435 382 501 De
404 436 516 503 ordine
538 447 668 519 eutem,
700 463 764 526 quo
784 441 820 506 in
840 439 960 522 judicio
982 467 1036 511 res
1060 463 1138 517 acta
1168 507 1174 515 .

120 558 182 641 sit,
203 560 272 636 jem
291 546 465 613 dicendum
485 547 609 637 putavi.

203 661 399 741 litigatores
431 656 468 720 in
494 656 613 736 judicio
639 678 712 723 rem
742 660 884 744 breviter
914 669 1140 753 exponebant,

76 792 79 798 ·
123 773 217 863 quasi
239 771 434 852 colligentes,
459 777 634 856 antequam
654 790 803 856 perorare
823 773 1013 863 inciperent.
1047 777 1141 845 Haec

124 893 193 948 erat
207 887 321 945 cauete
335 878 491 959 collectio,
514 901 572 945 seu
587 883 741 963 conjectio
756 879 858 965 dicte3
887 884 1038 972 adquam
1052 912 1142 955 nunc

125 989 360 1099 respiciendum
381 988 475 1053 nobis
497 1001 558 1071 est,
580 993 773 1056 actionem'
762 1017 798 1057 ιιι
818 993 936 1074 judicio
958 994 1144 1088 descriptu-

126 1106 183 1173 ris.
233 1100 396 1170 Αιιοιιιιιι
418 1095 461 1163 ad
489 1095 716 1172 Ciceronem
705 1127 742 1171 ιιι
770 1103 909 1187 Verrem
930 1105 952 1175 3
972 1111 1056 1175 haec
1085 1106 1144 1179 ed·

128 1213 229 1283 serit.
1071 1282 1076 1297 ,

172 1345 278 1405 „cum
302 1323 480 1406 litigatores
511 1318 552 1384 ad
579 1321 720 1404 judicem
750 1323 936 1403 ¹venissent,
967 1341 1143 1417 antequam

173 1455 268 1496 censa
289 1430 330 1497 ad
350 1435 490 1517 Judicem
517 1442 682 1516 ageretur,
712 1435 804 1521 quasi
832 1457 890 1522 per
910 1433 1052 1509 indicem
1069 1463 1139 1504 rem

175 1556 409 1632 exposuerunt,
433 1558 529 1637 atque
548 1543 693 1639 idipsum
709 1534 836 1610 dictum
859 1541 908 1624 est
930 1546 1045 1612 causae
1064 1568 1140 1611 con-

175 1657 290 1735 jectio,
314 1657 405 1740 qussi
427 1677 541 1720 causae
561 1657 596 1720 in
616 1660 716 1724 breve
737 1653 901 1724 coactio.''
1161 1654 1164 1661 ’

220 1764 301 1831 Cum
312 1787 395 1833 seno
411 1765 573 1834 Ciceronis
593 1779 740 1857 tempore
750 1769 974 1851 legissetiones
984 1767 1148 1851 deessent,

137 1877 253 1939 merito
276 1876 484 1958 confidimus,
506 1877 703 1958 Ascanium,
729 1867 773 1943 ud
795 1877 981 1941 Ciceronem
1003 1885 1160 1967 scribes-¹

139 1998 224 2066 tem,
240 2000 312 2053 'non
333 1985 374 2050 de
394 1999 541 2077 tempore
560 1989 641 2068 legis
662 1988 834 2064 actionum,
858 2007 921 2070 quo
943 1986 1061 2053 eedem
1082 1999 1153 2073 jam

139 2110 208 2164 eret
230 2119 344 2163 causae
365 2100 527 2180 collectio,
557 2094 760 2164 disseruisse.
803 2093 950 2179 Namque
969 2106 1002 2156 et
1016 2100 1077 2160 elii
1090 2116 1165 2192 op.¹

140 2211 243 2279 timae
256 2223 353 2275 notae
369 2211 550 2300 scriptores,
573 2209 630 2295 qui
644 2207 831 2296 posterioris
848 2205 1002 2292 temporis
1019 2227 1154 2278 memo·

141 2323 224 2395 siem
244 2326 411 2407 referrent,
435 2340 549 2386 causae
570 2311 793 2385 collectionem
811 2315 1024 2383 tradiderunt.

146 2455 148 2458 ’
226 2434 280 2498 Sic
308 2435 397 2499 enim
424 2427 542 2496 scribit'
562 2429 801 2511 Quinctilienus
829 2431 866 2495 in
893 2426 1155 2497 Institutiouibus

145 2543 293 2604 oratoriis
313 2541 356 2606 3:

154 2697 209 2730 ,‚
201 2660 255 2727 ,ut
275 2651 309 2711 in
331 2651 412 2736 foro,
437 2657 610 2730 antequam
631 2648 802 2728 haberetur
823 2651 945 2740 oratio,
979 2655 1027 2716 ite
1055 2667 1090 2719 et
1119 2657 1154 2719 in

131 2752 308 2823 scholis
330 2775 487 2898 quoque,²
485 2768 560 2819 ente
579 2754 864 2841 declamationem,
871 2762 1041 2851 aliquem
1063 2767 1155 2879 velut

188 2870 287 2937 litis
277 2864 487 2948 imaginem’'

149 2987 183 3045 θῖ
204 2976 361 3042 Gellius
350 2999 386 3038 ιιι
405 2976 448 3041 Ν.
469 2967 512 3040 A
537 2977 580 3039 V.
602 2980 682 3043 haee
702 2941 827 3044 scribit:
900 2964 931 3010 l

191 3089 379 3170 „Afranius
401 3089 487 3183 apud
507 3089 650 3153 Nonium
671 3110 799 3157 causam
828 3095 1002 3174 conjicere,
1023 3096 1156 3185 inquit,

151 3257 354 3305 Q

155 3342 204 3411 *ιι
227 3343 298 3410 §.t
315 3343 343 3398 J.
362 3343 397 3396 de
411 3360 503 3423 poena
518 3353 622 3398 temere
641 3343 830 3416 litigantium
856 3361 950 3412 „nam
975 3347 1060 3405 etiam
1085 3361 1164 3408 actor

222 3451 277 3506 pro
308 3434 449 3492 calumnia
479 3438 577 3505 jurare,
602 3437 713 3506 cogitur
745 3454 777 3492 cx
815 3445 916 3493 nostra
948 3441 1162 3501 constitutione.

112 3565 113 3568 ι
224 3526 376 3600 Utriusque
392 3528 475 3584 etiam
488 3528 578 3598 partis
592 3526 716 3583 advocati
725 3528 920 3599 jusjurandum
932 3520 1067 3601 subeunt,
1085 3533 1166 3608 qood

153 3648 154 3651 =
224 3616 279 3683 olis
296 3629 393 3674 nostre
411 3617 613 3680 constitutione
629 3617 864 3689 comprehensum
881 3629 960 3676 est.”
1002 3620 1026 3678 l.
1035 3625 1081 3681 14.
1101 3628 1122 3696 ι.
1142 3627 1167 3682 1·

228 3708 263 3764 c.
282 3707 316 3764 de
332 3709 452 3780 judiciis
485 3709 504 3767 l.
522 3709 549 3769 2.
567 3728 611 3781 pr.
630 3709 661 3767 ι’.
679 3709 713 3763 de
729 3711 907 3780 iureiurando
924 3725 1043 3804 propter
1059 3705 1169 3775 calum-

229 3801 315 3861 niam.
346 3799 774 3876 succensuisset
801 3802 836 3861 ad
860 3804 879 3859 l.
895 3802 969 3864 ab.
987 3816 1007 3862 ι.
1030 3809 1173 3902 Anthene.

228 3870 870 3972 2.§..56.ed12.eod.1tov1.2ac.1
