2400 4328
469 130 709 235 123·-

71 330 121 397 ut,
161 323 386 409 quaecumque
415 301 456 366 de
482 301 606 381 judiciis
636 297 788 378 dicenda,
831 300 1013 384 pertraham
1040 301 1077 365 in

71 448 133 493 rem
152 418 361 487 nostramet
383 415 493 477 multis
516 433 696 498 exponam:
723 425 758 474 ut
779 413 885 496 potius
909 430 947 473 ea
968 413 1075 475 brevi·

69 547 110 602 ter
128 522 319 618 inquiram:
360 544 439 609 quae
467 524 507 587 ad
537 524 651 601 judicis
675 525 817 585 officium
842 524 875 583 in
897 542 931 583 re
949 522 1075 601 ‘agenda
1145 572 1148 579 .

61 639 292 713 illustrandum
314 648 469 718 spectent.
493 667 496 674 ·
526 633 563 698 lu
586 636 674 698 enim
696 647 821 696 tantum
851 636 910 695 hoc
940 634 1010 695 loco
1032 635 1074 695 il-

60 758 199 821 lustrare
230 750 316 813 mihi
342 747 515 835 proposui,
555 766 636 832 quae
657 745 771 825 judicis
802 741 889 829 apud
910 741 1073 807 Romanos
1136 772 1139 781 ·

59 867 158 932 fuerit
178 871 253 924 tum
273 861 448 925 necessitas
471 869 542 921 tum
564 858 715 921 officium.
788 896 804 922 .·
906 878 909 883 ’

27 1050 31 1059 ¹
149 970 319 1057 Inprimis
342 949 452 1030 autem
474 967 514 1031 <le
535 968 628 1059 initio
652 968 787 1030 actionis
808 963 986 1027 rideamne.
1035 964 1071 1027 Si

68 1104 132 1168 qua
164 1077 377 1145 controversia
406 1091 476 1140 erat
509 1055 641 1156 exorta,
680 1099 736 1141 nec
766 1078 851 1140 intra
880 1075 1070 1139 domesticos

68 1195 200 1279 parietes
218 1199 350 1278 poterat
372 1191 411 1251 ab
433 1189 542 1251 amicis
564 1191 713 1272 componi
741 1182 783 1268 ³),
806 1190 912 1271 omnis
936 1187 1069 1249 actionis

122 1454 200 1510 tiunt
217 1452 273 1507 viri
291 1450 377 1506 docti.
414 1451 558 1505 Ciceronis
575 1459 703 1521 tempure
724 1448 784 1517 jem
811 1466 862 1522 per
879 1447 1017 1504 formulas
1034 1447 1070 1501 ii·

121 1545 284 1616 tigabatnr3
303 1543 332 1597 id
351 1541 503 1597 ostendunt
522 1541 577 1603 loci
594 1541 717 1596 auctoris
735 1541 809 1614 Top.
819 1541 860 1598 17.
880 1540 913 1596 de
931 1539 1007 1596 ulfic.
1021 1538 1068 1605 111,

123 1637 170 1692 15.
190 1637 233 1693 17.
254 1653 309 1707 pro
326 1633 408 1689 Bosa
428 1621 552 1690 Com.'c.
561 1637 588 1688 4.
606 1634 635 1687 in
648 1636 788 1698 -verr.'11,
808 1634 849 1688 tt.
869 1635 950 1704 epist.
967 1630 1070 1696 xxm,

124 1726 188 1793 27„
211 1725 333 1798 aliisque
351 1727 419 1779 locis
438 1725 655 1798 quamplurimis
675 1724 708 1778 de
735 1725 864 1787 l'urnrulip
888 1724 994 1779 (lictum
1011 1731 1066 1776 esta

69 1820 73 1826 '
126 1830 157 1871 et
176 1819 258 1872 verba
277 1818 398 1873 auctoris
416 1836 468 1891 pro
487 1818 608 1873 Murena
627 1816 683 1871 lmc
702 1819 858 1893 pertinente
876 1825 993 1889 „posset
1010 1816 1087 1886 lege·

127 1927 190 1981 agr,
208 1926 258 1962 nec
275 1926 326 1972 ne,
343 1925 425 1984 parrer
442 1909 586 1981 quondam
603 1909 764 1979 sciebant'’;
790 1908 864 1964 unde
883 1918 975 1982 patet,
1000 1908 1068 1976 legr-

102 2003 225 2056 ⁴tirnam
249 2000 360 2070 agendi
378 2001 515 2055 rationem
544 2000 688 2055 Ciceronis
717 2012 845 2073 tempore
874 2004 929 2072 jam
960 1999 1069 2071 pridem

125 2091 290 2161 exolevisse.
326 2090 369 2144 De
384 2092 450 2162 legis
467 2093 575 2147 actione
599 2111 759 2164 nunquam,
786 2095 838 2148 etsi
860 2091 908 2146 din
932 2090 1068 2145 multum·
1125 2137 1127 2141 ,
1159 2080 1162 2085 ’

21 2208 24 2215 ·
126 2202 183 2256 que
200 2169 396 2252 inquirebam,
412 2183 507 2255 locum
524 2184 670 2240 Ciceronis
689 2185 757 2250 legi,
788 2187 843 2238 nisi
868 2184 956 2257 cleea
975 2184 1004 2235 iu
1023 2184 1066 2249 iu-

129 2274 214 2326 ‹liciis
232 2271 494 2338 centumviralibus,
523 2276 552 2329 in
566 2277 676 2347 ‘quibus
702 2277 769 2348 legia
793 2279 865 2329 actio
889 2274 1002 2344 longius
1020 2291 1064 2325 re-

130 2360 253 2426 mansit3
271 2359 377 2415 Gellius
394 2363 471 2424 xvi,
491 2364 531 2422 10.
553 2367 640 2437 Gajus
660 2367 714 2431 tv,
738 2366 781 2421 31.
828 2365 920 2434 Quam
944 2363 982 2416 ob
1005 2379 1066 2416 rem

61 2474 65 2481 ’
85 2500 88 2505 .
127 2455 163 2509 de
183 2453 252 2523 legis
269 2453 423 2508 actionibus
440 2465 502 2510 ante
519 2439 671 2524 disserens,
702 2458 764 2512 aliia
787 2455 958 2526 argumentis
982 2451 1065 2507 iidem

122 2533 372 2608 adbibsae'nolui,
402 2547 456 2601 nisi
474 2547 627 2621 dequibus
645 2549 724 2605 nulla
742 2560 812 2603 esset
830 2547 984 2621 dubitatio,
1012 2562 1064 2599 ne-

120 2656 178 2711 qua
198 2636 255 2692 sere
271 2637 341 2691 aliut
360 2632 437 2697 locus
453 2640 552 2719 citare,
577 2660 662 2713 quam
688 2661 757 2714 quac
776 2641 861 2711 Gajus
884 2640 987 2695 attulit·
1026 2635 1065 2692 Ac

119 2735 179 2802 jam
196 2728 299 2801 primia
318 2729 492 2800 temporibus
510 2741 587 2801 patet
605 2732 690 2787 fuisse
708 2733 909 2789 uadimonium.
932 2730 980 2807 Cla
999 2731 1065 2797 Gpl-

119 2823 193 2877 linm
210 2820 297 2876 Nat.
318 2820 461 2884 xv1‚12.
480 2821 547 2890 XX,
565 2824 591 2879 1.
622 2826 652 2881 L·
671 2825 714 2881 23.
734 2825 771 2878 ll.
795 2827 818 2880 si
844 2832 907 2898 quis
931 2819 1002 2880 aaut.
1033 2825 1063 2876 L.
1173 2813 1176 2819 ¹

120 2913 167 2973 63.
184 2913 222 2966 D.
244 2908 279 2964 de
303 2927 335 2963 re
355 2910 437 2981 judic.
481 2912 566 2982 Quod
584 2915 657 2969 idern
681 2915 713 2968 de
739 2918 769 2970 in
786 2920 829 2988 jus
847 2916 993 2971 vocatione
1011 2915 1065 2968 erit

120 3001 323 3067 adserendum
341 3000 438 3080 Cicero
457 3003 491 3059 de
509 3005 615 3075 legibus
636 3010 668 3073 ll,
688 3010 729 3062 10.
766 3007 946 3081 Porphyrion
954 3004 986 3058 ad
1002 3005 1064 3056 Ho-

90 3148 97 3155 .
119 3098 187 3153 tatii
206 3095 299 3149 Serm.
317 3092 345 3161 l,
364 3092 389 3157 9,
409 3114 436 3149 v.
449 3095 493 3152 76.
528 3097 639 3154 Nonius
658 3098 808 3153 Marcellus
825 3103 852 3164 1,
870 3099 914 3152 20.
930 3095 1062 3170 pantos.

122 3191 230 3242 Auctor
255 3186 290 3240 ad
315 3185 492 3241 Herennium
511 3189 555 3255 tl,
581 3189 623 3245 13.
654 3189 670 3241 l.
693 3190 737 3254 18,
756 3188 811 3257 ΩΟ,
835 3190 885 3259 22,
911 3190 948 3244 D.
973 3193 1006 3247 dc
1034 3194 1063 3246 in

41 3296 49 3309 ·
122 3280 165 3348 jus
187 3294 266 3341 voc„
297 3277 347 3347 qui
372 3277 429 3333 loci
454 3296 486 3333 ex
503 3282 711 3336 commentariis
728 3279 762 3334 ad
781 3280 833 3338 llll
856 3284 962 3358 tabulas
981 3288 1064 3356 Dign-

122 3369 172 3425 stis
187 3368 324 3440 adscripti
340 3379 416 3426 sunt

48 3485 86 3553 ³)
112 3479 144 3536 ltl
163 3482 232 3535 satis
251 3480 356 3535 evincit
373 3483 436 3540 Liv.
451 3483 509 3546 IV,
526 3482 561 3537 92
591 3502 680 3549 „cum
704 3501 748 3540 res
766 3489 862 3559 peragi
881 3491 955 3545 intra
971 3491 1062 3563 parie-

117 3583 162 3629 tes
179 3574 369 3644 nequivisset,
397 3583 513 3628 ventum
536 3577 565 3627 in
583 3576 631 3644 jus
645 3585 701 3640 est,
726 3579 868 3648 postulatu
887 3583 983 3637 audito
1001 3600 1060 3636 ma*-
1092 3593 1095 3598 '

113 3664 176 3718 tris·
188 3654 376 3735 tutorumque
383 3666 395 3728 ,’
409 3666 587 3736 magistratus
603 3667 758 3723 secundum
775 3676 899 3743 parentis
916 3675 1063 3729 arbitrium

112 3754 185 3811 (lant
203 3757 252 3825 jus
268 3755 455 3827 nuptiarum“
483 3754 544 3815 cic.
563 3775 617 3829 pro
635 3759 715 3816 Caec.
739 3764 843 3834 capu.
871 3767 919 3836 qui
937 3764 1004 3820 baec
1022 3765 1061 3816 di·
1091 3804 1111 3809 .-

114 3849 171 3907 citt
198 3858 255 3916 „et
273 3863 406 3923 persaepe
424 3848 609 3921 disceptatore
629 3851 781 3911 domestico
797 3847 963 3924 'iudicaturi’
980 3873 1065 3928 quam
