2400 4328
502 112 845 221 -334-n

115 292 257 371 sidibus,
295 272 481 366 historiam,
513 281 618 370 quoad
646 292 779 370 potero,
812 286 977 349 lustrans:
1027 283 1123 373 deque

113 402 274 495 praesidio
301 396 555 463 decemvirorum
586 392 838 461 extraordinario
867 392 1008 483 quidem
1029 418 1123 485 pauca

114 514 275 597 adjiciam.
529 594 532 599 Ι
682 606 686 613 Ι

149 632 159 661 ¹
195 622 298 689 Erant
317 614 461 703 quidem,
482 620 532 681 uti
546 612 802 681 demonstratum
822 626 883 695 est,
908 635 954 681 ex
976 618 1120 685 morsis

114 734 388 801 centumvironun
408 726 567 815 praesidio
588 726 781 806 decemviri,
811 746 944 791 summo
968 748 1047 793 :um
1065 730 1118 793 im-

112 848 214 934 perio,
236 856 271 909 et
289 846 459 931 potestate,
482 848 518 903 et
537 837 725 902 auctoritate
745 848 900 919 agentesr
923 860 997 903 non
1018 852 1117 905 tamen

113 956 264 1019 omnibus
283 962 378 1017 erant
395 950 615 1037 temporibus,
636 949 694 1032 ita,
716 961 753 1012 nt
775 944 1028 1014 centumviralia
1050 958 1132 1015 con-¹

113 1068 186 1131 cilia
211 1066 334 1151 absque
359 1062 402 1125 iis
429 1060 544 1126 haberi
574 1060 641 1125 non
680 1058 884 1147 pomissent3
927 1060 1043 1147 potius
1058 1062 1118 1145 ¹alii

112 1191 257 1265 qnoque,
286 1184 323 1239 et
349 1170 433 1237 varii
461 1170 595 1273 quidem
618 1172 771 1240 homines
797 1170 899 1237 variis
919 1174 1117 1261 temporibus

111 1289 148 1353 in
167 1285 285 1351 eodem
302 1302 438 1349 munere
459 1294 552 1348 erant
569 1284 749 1351 constituti.
1149 1306 1152 1351 t

193 1394 303 1461 Primo
334 1391 467 1481 quidem
494 1405 527 1457 et
556 1392 782 1482 antiquissimo
808 1402 960 1483 tempore
991 1388 1116 1459 decem·

110 1504 174 1570 riri
190 1516 283 1570 arant
301 1506 338 1567 in
356 1502 420 1567 hoc
440 1520 591 1586 munere,
623 1515 661 1569 ut
682 1504 882 1593 Pomponius
908 1500 1036 1570 diserte
1056 1517 1115 1587 ua
1141 1564 1145 1575 .

109 1616 158 1680 dit
181 1613 225 1699 ¹).
265 1614 344 1681 Post
372 1616 409 1678 in
440 1612 557 1679 eodem
587 1612 695 1695 officio
726 1638 797 1681 esse
829 1616 947 1680 solitos
980 1616 1113 1699 legimur

109 1738 281 1813 quaestura
299 1722 479 1806 defunctos,
500 1730 589 1807 cujus
610 1728 658 1792 rei
679 1724 853 1794 Suetonius
876 1736 992 1799 auctor
1013 1728 1112 1793 estin

107 1837 177 1901 vita
192 1834 346 1914 Augusti,
368 1836 425 1899 ubi
444 1837 492 1897 ita
513 1834 645 1901 dicitur:

151 1954 214 2026 „ut
233 1942 498 2008 centumuiralem
516 1946 656 2029 hastam,
673 1968 771 2037 qnam
786 1956 954 2035 quaestura
969 1944 1114 2039 defuncti

148 2050 386 2123 consueuerant
404 2056 559 2137 eogere.''
580 2054 615 2145 ⁸)
739 2141 745 2153 Ι

105 2166 170 2233 Hie
197 2184 372 2256 parumper
399 2168 623 2235 subsistamus.
668 2167 802 2257 Optime
829 2181 960 2237 nostrae
980 2160 1109 2233 senten·

105 2284 171 2353 tiae
191 2274 347 2367 quadrare
367 2277 514 2361 videtur,
545 2280 793 2369 sialiquamdiu
818 2280 922 2347 lectos
951 2300 1109 2355 noneste

104 2386 320 2469 decemviros,
333 2434 337 2439 -
351 2374 466 2455 ¹verum
486 2386 564 2470 eos,
592 2395 649 2479 qui
678 2404 866 2480 quaesturae
887 2384 1037 2471 'munera
1056 2392 1107 2456 de-
1150 2444 1153 2449 .

103 2502 209 2566 suncti
233 2510 343 2575 erant,
377 2500 565 2566 sentiamus.
609 2486 805 2585 Quaestores
836 2501 928 2567 enim
957 2488 1104 2592 procura-

103 2614 182 2675 bant
194 2610 370 2693 aerarium
391 2612 577 2699 optimeque
597 2614 634 2677 in
653 2615 707 2679 his
727 2617 822 2679 rebus
843 2610 1031 2701 praesidere
1051 2602 1104 2700 po:

103 2720 272 2799 terentii,
295 2720 354 2805 qui
381 2720 417 2785 in
442 2740 580 2789 munere
601 2727 790 2811 -quaestorio
811 2726 959 2805 buerant,
987 2720 1102 2789 etenim

102 2831 167 2917 ipsi
186 2840 280 2894 erant
300 2838 341 2893 et.
353 2830 496 2913 scientia,
520 2846 555 2897 et
573 2836 692 2923 peritia
711 2838 748 2901 in
767 2838 820 2903 his
841 2836 939 2901 rebus
959 2830 1103 2921 gerendis

101 2952 314 3029 praestantes.
356 2922 542 3009 Decemriri
570 2967 649 3011 vero
670 2959 704 3012 et
724 2948 790 3037 ipsi
810 2930 927 3013 aerarii
946 2934 1101 3013 curatores

102 3062 216 3137 erant,
235 3086 280 3101 —
297 3052 385 3143 quoti
404 3056 504 3123 etiam
524 3058 716 3124 centumviri
736 3078 808 3123 esse
829 3056 1012 3141 debebant,
1033 3076 1099 3121 uum

101 3162 233 3250 quidem
252 3165 339 3231 etin
357 3165 603 3250 locationibus,
620 3181 654 3233 et
673 3171 711 3234 in
730 3166 975 3235 venditionibus
986 3166 1099 3254 'publi-

101 3274 147 3338 cis
164 3296 298 3362 operam
317 3288 526 3363 praestarent,
548 3300 593 3343 err
613 3282 730 3366 quibus
750 3278 875 3344 reditus
895 3272 1098 3342 inserit-ium

96 3398 323 3472 pervenerunt.
366 3386 433 3453 Nec
453 3390 515 3455 erit
530 3374 708 3457 'falsissima
728 3392 929 3473 conjectura,
952 3388 983 3455 si
1002 3391 1096 3455 lectos

11 3544 299 3574 -.·-ιιι--ι.

79 3646 132 3733 ΙῙ)
163 3646 304 3721 Pompou.
322 3646 342 3703 1.
359 3648 380 3706 l.
396 3650 425 3706 2.
448 3652 477 3718 ς.
495 3650 539 3708 29.
556 3650 593 3707 D.
617 3650 652 3706 de
675 3651 747 3723 orig.
763 3650 820 3721 jur.
853 3648 898 3707 cf.
914 3648 1008 3713 ntor.
1025 3650 1093 3711 cut·
1137 3644 1142 3659 '

162 3740 235 3807 LIV,
251 3756 315 3811 pag.
328 3738 401 3807 540„
417 3743 467 3813 qui
484 3742 562 3799 iocus
574 3744 631 3815 jam
647 3752 712 3799 unte
727 3742 881 3817 explicatus
896 3752 950 3799 est.

36 3918 45 3941 ο
89 3828 125 3901 ³)
155 3832 366 3943 Sueten-‘Anu
385 3851 410 3895 c.
427 3832 473 3893 30.
582 3868 589 3878 ·
