2400 4328
503 171 742 236 -76-

144 344 232 410 ribus
252 343 461 431 scriptoribus
481 364 594 406 vocem
614 341 769 408 editionis
789 343 1150 414 actionisamelcetm

143 476 236 535 erse,
254 475 360 540 neque
378 452 466 541 apud
487 452 694 530 Ciceronem,
724 477 830 541 neque
854 452 1009 536 Gellium,
1041 480 1150 548 neque

142 565 303 644 Plinium,
324 565 388 628 etsi
407 566 469 630 hor
486 576 555 629 tem
575 564 745 646 diligenter
764 569 990 648 consulebam,
1011 581 1054 633 ut
1075 594 1151 638 vor-
1177 550 1181 561 ⁸

142 678 278 739 botenun
297 695 354 739 eos
374 677 596 762 perlegerem
628 679 684 763 qui
710 689 840 758 tamen,
870 699 944 741 cum
970 677 1013 742 de
1046 685 1153 746 veteri
1186 672 1190 683 ¹

141 782 257 865 agendi
278 787 402 848 ratione
421 789 549 873 copiose
566 787 739 867 traderent,
761 785 802 850 de
823 809 939 852 causae
958 791 1149 866 collectione

141 904 176 957 et
194 894 261 979 ipsi
281 906 316 959 et
335 897 392 959 nlii
410 919 567 986 persaepe
575 909 803 963 memoranmt.
844 898 950 963 Multa
964 913 1045 965 sunt
1056 922 1150 988 pne·

141 1014 250 1085 terea,
271 1006 388 1090 quibus
402 1007 492 1072 idem
505 1011 683 1074 affirmem:
705 999 820 1073 verum
835 1033 910 1073 cum
922 1033 994 1076 rem
1008 995 1149 1079 habam

142 1135 210 1180 non
229 1113 381 1198 dubiam,
403 1119 462 1183 sed
481 1132 627 1207 apertam
646 1133 743 1206 atquo
760 1125 987 1201 manifestam,
1009 1144 1147 1197 enume-

50 1210 55 1217 ’
142 1226 224 1293 ratio
233 1229 438 1309 singulorum
453 1243 717 1313 argumentorum
728 1254 796 1296 non
812 1237 874 1296 erit
884 1236 1071 1299 necessaria
1082 1232 1146 1319 ²⁸).

227 1338 302 1420 Qua
323 1360 401 1403 vero
422 1345 548 1406 ratione
561 1342 647 1406 edita
667 1347 710 1407 sit
731 1347 823 1422 actio,
846 1347 1024 1407 accuratius
1040 1336 1163 1409 dicere·

142 1473 230 1514 nnnc
251 1473 271 1512 a
290 1471 328 1513 re
355 1463 500 1536 suscepta
528 1456 592 1515 erit
620 1457 771 1520 alienum.
826 1455 887 1517 Edi
913 1468 1025 1519 antem
1051 1468 1144 1541 pote-

143 1573 194 1624 rat
213 1562 297 1624 actio
318 1561 422 1646 lisque
443 1566 593 1648 pervario
613 1564 723 1647 modo,
746 1551 826 1629 'nam
847 1568 893 1630 sic
915 1569 987 1648 lege
1009 1564 1041 1633 1.
1062 1567 1089 1649 b.
1110 1562 1143 1631 1.
1162 1636 1167 1645 .

143 1670 188 1735 Ι).
210 1669 334 1737 edendo
354 1673 512 1757 scriptum
531 1686 600 1741 est:

103 1922 1182 2030 '.nnmmnnmummmnretnm'

212 2048 251 2104 Ι).
270 2049 304 2105 de
320 2053 433 2123 obligat.
451 2062 478 2106 et
494 2049 626 2105 actionib.

147 2162 199 2238 1η)
215 2162 280 2223 'Nec
303 2168 405 2225 desunt
426 2168 516 2241 aperti
538 2165 611 2234 loci,
634 2165 685 2240 qui
708 2158 812 2221 editam
833 2132 870 2218 in·
887 2159 991 2233 judicio
1008 2138 1173 2225 actionad.

214 2278 274 2317 ecce
293 2262 477 2334 perhibeantz
497 2260 539 2316 ric
562 2260 701 2333 scriptum
716 2270 760 2315 ert
775 2257 834 2328 lege
849 2254 894 2310 33.
910 2253 948 2310 Ι).
972 2252 1006 2339 de
1023 2256 1149 2324 judiciitr

213 2354 291 2426 „qui
307 2354 353 2408 edi
370 2354 529 2423 sibigenus
546 2353 622 2424 apud
638 2350 758 2406 eundem
773 2348 893 2431 judicem
910 2345 1050 2402 desiderat
1067 2351 1151 2406 actio·

213 2445 291 2509 nic'';
315 2444 336 2503 l.
355 2447 380 2505 1.
397 2449 424 2512 ς.
440 2444 469 2503 3.
485 2445 524 2503 Ι).
548 2443 582 2497 de
599 2443 724 2499 edendor
747 2457 842 2511 „quae
859 2437 925 2510 quir
937 2439 1016 2511 apud
1033 2442 1151 2510 judicem
1171 2440 1174 2447 '

214 2535 341 2591 editurur
364 2537 450 2588 eot”.·
475 2532 569 2587 Judici
591 2533 766 2603 probaturus
782 2532 901 2602 quisque
918 2548 980 2583 rem
996 2549 1079 2588 ruam
1094 2542 1150 2590 erat

192 2602 248 2683 0in
264 2625 381 2680 actionis
396 2623 530 2686 editione3
551 2621 588 2674 cf.
608 2623 626 2673 l.
647 2622 690 2676 10.
712 2623 738 2688 d.
755 2619 782 2675 3.
800 2621 837 2675 Ι).
862 2620 896 2675 de
910 2621 1034 2678 edendo:
1059 2644 1149 2693 „nam

215 2717 241 2771 ri
257 2715 333 2787 apud
349 2712 427 2766 hunc
442 2711 577 2781 judicem,
603 2713 654 2784 qui
676 2713 752 2764 inter
768 2731 833 2766 enm
855 2723 883 2766 et
900 2716 1093 2783 argentarium
1108 2719 1150 2789 ju·
1175 2778 1181 2789 ¹

165 2824 168 2829 ·
217 2805 310 2870 dicat,
332 2811 424 2874 potest
444 2801 599 2874 probare”;
626 2813 655 2857 et
675 2801 863 2874 paulopost:
891 2815 965 2870 „aut
981 2807 1150 2877 probantem
1171 2854 1175 2861 .

213 2895 299 2970 judex
314 2912 376 2949 non
389 2894 514 2961 curabit,
543 2894 577 2949 de
593 2913 623 2949 ce
640 2896 717 2966 ipro,
745 2906 794 2948 ent
812 2896 901 2963 indice
925 2908 1020 2967 potent
1038 2898 1149 2971 queri-‚⁹¹
1176 2896 1179 2905 '

214 2989 429 3060 Nonnunquam
454 2988 568 3061 ipsimet
588 2986 745 3058 litigatores
766 2986 861 3042 adesce
883 2987 1040 3058 debebant,
1069 3002 1105 3047 ut
1126 3000 1152 3047 ct

216 3079 387 3155 inquirendo
404 3091 431 3136 et
448 3077 607 3135 confitendo
618 3079 717 3135 veritas
726 3079 786 3132 erui
794 3090 898 3152 posset.
920 3080 1153 3143 Reoautemcon-

120 3215 127 3228 .
219 3173 293 3231 derra
309 3171 425 3246 perinde
441 3171 609 3236 hebebatur,
633 3180 719 3244 atque
735 3172 759 3225 oi
774 3170 893 3242 judicata
915 3182 996 3227 essct.
1034 3172 1155 3235 1.t.'3.
1187 3192 1190 3241 ξ

217 3265 239 3323 1.·
256 3267 284 3322 6.
307 3265 369 3333 §.2
390 3275 418 3321 et
433 3263 460 3319 5.
485 3266 521 3325 D,
546 3263 581 3318 de
597 3262 716 3322 confess.
751 3260 773 3316 1.
791 3262 836 3318 56.
864 3263 900 3321 D.
926 3264 960 3317 de
983 3282 1015 3318 re
1041 3266 1153 3337 judicat,

217 3356 239 3411 1.
257 3355 304 3412 25.
318 3357 341 3426 §0
357 3357 385 3411 2.
403 3356 438 3413 ad
454 3354 509 3426 leg.
526 3355 625 3428 nquit.
648 3354 670 3409 l.
684 3372 735 3409 nn.
753 3352 786 3408 C.
803 3352 840 3408 de
853 3354 971 3410 confess.
1004 3355 1154 3428 Eiusmodi

218 3448 407 3504 consensiones
426 3447 562 3504 debebant
579 3445 728 3516 injudicio
745 3444 821 3509 fieri,
839 3464 904 3500 cum
920 3448 956 3503 iio
972 3447 1157 3518 probatione·

136 3522 139 3530 '
217 3541 357 3600 monent:
374 3540 505 3613 etriquis
518 3539 620 3609 injure
631 3537 759 3595 confiteri
774 3547 880 3609 ponet,
894 3537 922 3592 id
935 3556 1006 3608 opur
1020 3558 1087 3595 non
1097 3550 1158 3597 erat

218 3632 372 3689 novissimo
389 3640 528 3704 tempore,
556 3650 613 3704 quo
630 3650 714 3687 nemo
729 3638 794 3684 ante
816 3628 950 3697 judicium
973 3628 1007 3685 do
1025 3632 1089 3700 jure
1106 3651 1160 3688 eno

218 3724 325 3796 aliquid
341 3724 510 3796 respondere
525 3733 678 3794 cogeretur.
712 3719 732 3778 l·
752 3720 779 3777 1.
800 3720 825 3787 d·
844 3721 870 3776 1.
893 3720 932 3778 Ι).
959 3718 992 3775 de
1018 3720 1161 3781 intervoc.

219 3816 355 3888 Nnrpiam
370 3815 401 3869 in
418 3815 497 3870 libris
513 3815 582 3886 juris
591 3813 762 3875 Juctinianei
780 3830 854 3867 acme
870 3810 942 3868 lecta
959 3821 1002 3868 ert
1018 3829 1075 3870 vox
1091 3833 1161 3871 oon·

217 3908 349 3967 lectionis
367 3912 397 3963 in
411 3910 483 3980 jure.
758 3915 763 3924 ⁴
