2400 4328
460 197 502 214 -
532 161 611 228 -ttt
645 120 697 218 ¹...

518 380 543 459 o.
586 375 640 442 21.

149 516 277 595 Restat,
287 534 450 600 quaerere,
474 513 551 602 quid
574 518 627 596 sit,
652 511 737 600 quod
757 514 791 577 in
816 515 1072 602 stipulationibus

58 631 189 698 veteres
212 627 356 690 strictam
379 624 538 688 rationem
560 625 736 704 eligerent,
767 627 955 714 nollentque
985 630 1073 697 idem

57 746 95 808 in
115 740 231 804 ceteris
254 736 468 799 contractibus
490 737 647 799 obtinere.

144 850 220 914 Jam
242 867 286 910 ex
306 848 366 925 iis,
390 866 473 931 quae
491 845 646 909 hactenus
668 842 920 930 disputavimus,
950 827 1074 919 nemini

55 963 200 1026 dubium
221 978 294 1020 esse
314 967 433 1043 potest,
453 956 611 1018 rationem
631 957 667 1024 in
689 958 718 1018 b.
731 958 758 1019 1.·
772 955 899 1036 judiciis
918 963 1085 1047 quodam..

53 1068 161 1136 modo
183 1068 373 1131 necessitate
395 1061 609 1128 introductam
624 1087 713 1145 esse,
729 1048 769 1129 ea
790 1069 952 1139 nimirum·
964 1079 1075 1162 aequi-

53 1195 140 1259 tate,
161 1197 241 1264 quae
261 1178 317 1240 vel
338 1173 427 1261 apud
448 1195 562 1238 omnes
584 1178 721 1262 populos
744 1199 902 1264 peraeque
921 1184 1073 1249 custodiri

56 1291 204 1356 deberet.
248 1286 332 1369 Quia
364 1287 453 1350 enim
485 1286 629 1367 regulam
658 1290 827 1372 aequitatis
861 1295 1002 1372 ignoret,
1031 1317 1072 1360 ne

18 1402 23 1413 '
57 1404 133 1491 quis
163 1409 271 1465 contra
301 1386 407 1479 ieges'
420 1406 454 1458 et
475 1396 584 1476 legum
606 1401 748 1462 rationes
771 1396 998 1487 detrimentum
1020 1428 1073 1485 ca·
1111 1428 1118 1434 ·

56 1517 143 1602 piat:
167 1511 240 1597 quis
261 1509 360 1582 notit,
386 1526 548 1593 quemque
570 1502 629 1568 suu
650 1511 738 1587 jure,
764 1531 804 1572 ne
825 1513 930 1577 laesus
954 1518 1071 1594 injuria
1116 1555 1120 1562 -

56 1620 382 1715 circumscriptusque
412 1618 473 1690 sit,
509 1613 772 1692 desideraturum.
818 1618 919 1700 Quae,
941 1620 1096 1712 quidem'

57 1733 142 1796 ratio
163 1730 216 1792 uti
236 1727 397 1812 acquitate
419 1729 555 1790 subnixa
577 1738 662 1805 erat,
692 1727 738 1789 ita
759 1730 857 1791 stricti
878 1731 956 1809 juris
979 1752 1069 1799 sum.
1180 1768 1183 1783 .

19 1886 24 1891 -
57 1850 206 1945 mearat
226 1838 348 1925 iniqua.
390 1835 484 1904 Haud
506 1837 663 1918 gravabor
684 1836 804 1919 dicere,
827 1840 942 1904 miram
965 1846 1069 1910 subti⁴

55 1959 187 2020 litatem
205 1950 319 2032 fuisse,
340 1971 382 2012 ne
404 1947 481 2034 quid
503 1947 676 2034 peteretur,
700 1951 763 2013 nisi
785 1949 871 2036 quod
886 1951 963 2021 fidei
985 1959 1068 2022 otti-
1180 1961 1184 1968 '

57 2065 198 2151 gationis
229 2060 361 2126 inesset.
428 2057 504 2140 Qua
536 2080 570 2124 re
600 2082 666 2126 nou
687 2059 815 2140 absum,
851 2065 930 2149 quin
951 2066 1067 2134 bonam

58 2228 261 2255 ...u-

168 2332 200 2397 1)
216 2318 431 2389 De'actionibus
449 2319 599 2402 disputatio
624 2331 667 2392 vt,
685 2326 712 2382 1.
730 2326 756 2382 5.
776 2328 801 2381 7.
820 2327 865 2381 22.

165 2423 196 2491 2)
214 2418 354 2474 Doctrina.
368 2417 401 2473 de
417 2422 573 2485 actionibus
592 2422 620 2487 1,
638 2438 662 2473 c.
681 2418 707 2474 3.
727 2423 752 2488 1.
772 2419 814 2474 tu.
879 2471 882 2477 ,
928 2478 932 2483 ,
1005 2432 1008 2438 ·

161 2513 197 2578 3)
213 2509 510 2582 obligationen'recbt,
527 2514 564 2568 cf.
584 2512 701 2568 alteram
720 2510 928 2582 digressionem.
1171 2554 1173 2559 .

14 2666 18 2675 ,
160 2607 191 2676 t)
210 2602 379 2673 Partitiones
396 2603 467 2673 juris
484 2603 527 2670 11.
544 2606 588 2681 40,
606 2601 655 2673 111,
673 2603 717 2660 tt.
752 2600 908 2658 comment.
925 2602 960 2656 ad
977 2607 1004 2672 ς.
1021 2602 1066 2661 28.

91 2704 95 2712 '
208 2695 516 2751 αωῶὼωω.
620 2703 623 2711 “
951 2697 953 2704 ’

162 2787 192 2857 5)
209 2787 377 2844 Dissertatio
406 2788 440 2841 de
464 2802 529 2841 usu¹
541 2786 664 2858 practico
690 2769 834 2846 actionum
851 2788 942 2856 bonae
959 2785 1024 2845 fidei
1042 2800 1069 2844 et

173 2886 176 2891 ’
211 2880 299 2932 stricti
315 2878 388 2947 juris
408 2880 480 2946 §.d
1149 2934 1152 2939 ,

167 2968 197 3036 ⁶)
215 2968 248 3022 in
264 2972 340 3025 notis
359 2970 393 3025 ad
411 2970 510 3045 Hopp.
529 2978 678 3028 comment.
698 2969 765 3024 lust.
784 2969 810 3032 ς.
822 2964 866 3019 28.
887 2967 920 3021 de
938 2969 1070 3026 acttontb.

117 3059 123 3073 ‘
164 3064 194 3133 7)
213 3060 358 3117 Observat.
377 3060 428 3128 xt,
445 3061 490 3116 38.
510 3062 540 3114 in
557 3061 579 3114 1.

163 3146 194 3218 8)
212 3152 306 3226 Opera
323 3154 420 3207 omnia
438 3155 490 3218 111,
507 3151 573 3207 319.
589 3142 615 3207 'c.
634 3139 661 3206 5.
698 3146 897 3204 condictiones
922 3147 1012 3201 stricti
1026 3134 1084 3220 jus

80 3234 83 3241 ¹
177 3284 183 3297 t
209 3243 249 3298 rit
267 3261 326 3300 esse
346 3224 508 3304 contendiu
526 3241 562 3297 ci.
581 3239 838 3319 Unterbolcnerum
856 3239 896 3308 (iu
911 3226 1072 3297 Zeitscbriit

211 3335 258 3391 fttr
275 3337 367 3408 gesch.
385 3331 651 3392 Rechttwt'ssens'ch.
670 3333 694 3386 1.
712 3331 741 3385 S.
758 3330 853 3401 255.),
878 3333 956 3400 cujus
985 3333 1069 3390 uerba

211 3436 293 3481 sunt:
317 3427 496 3500 „diejenigen
515 3425 653 3490 actionec,
677 3419 784 3479 welche
808 3423 869 3475 eine
885 3423 983 3494 petitio
1001 3428 1070 3493 certi
1088 3437 1095 3446 ⁴

211 3516 369 3587 enthalten,
387 3516 475 3592 pchou
493 3500 681 3586 iusgesamrut¹
691 3515 816 3568 actiones
831 3514 921 3568 stricti
939 3516 1008 3584 juris
1024 3534 1069 3589 ge.

210 3626 299 3664 wesen
317 3629 352 3664 zu
370 3610 445 3672 seim
462 3627 494 3664 so
511 3608 560 3662 wie
579 3625 607 3660 cs
625 3604 697 3660 wobi
714 3605 914 3675 nicbt'gewagt
927 3605 970 3672 ist,
988 3625 1069 3663 utun

211 3716 278 3775 span
295 3702 453 3764 cnuimtnt,
472 3696 534 3753 dass
549 3695 712 3769 umgekchrt
727 3696 785 3766 jede
803 3696 876 3749 actio
894 3697 983 3752 stricti
999 3699 1069 3770 juris

213 3794 274 3869 ciue
292 3793 399 3866 petitio·
410 3793 478 3846 certi
495 3788 652 3857 enthaite.·''

165 3883 194 3954 9)
215 3872 400 3942 commentat.
418 3881 542 3942 auctoris
559 3879 594 3936 ad
611 3879 636 3935 J.
655 3875 766 3946 §.1129
797 3885 823 3930 et
843 3870 920 3934 toto.
