2400 4328
356 126 360 141 ’
457 165 523 230 '-
565 178 630 244 265
672 184 724 263 -j

89 343 289 419 testimoniis
311 345 515 429 colligamus,
546 367 620 413 eam
647 354 705 437 'per
726 353 836 418 omnia
856 364 1002 443 tempora
1022 378 1096 423 cen-

91 462 316 529 tumviralibus
348 461 490 524 conciliis
518 461 652 549 praefigi
678 465 827 546 solitam,
859 467 915 529 ubi
936 464 1099 546 signitica-

92 578 214 640 tionem
235 574 386 647 babebat,
411 593 470 635 nec
491 572 558 635 ulla
579 592 616 635 re
636 573 719 636 mira
740 570 923 639 videbatur:
963 572 1099 640 Contre-

92 689 146 751 rle·
160 704 313 750 tenores
334 685 440 747 estin
460 681 631 748 vindiciis:
664 704 746 772 quae
776 704 849 749 cum
877 686 970 749 certis
992 686 1099 751 verbis

91 818 128 863 ac
145 796 281 861 solenni
310 790 408 889 modo
436 793 473 856 in
499 796 570 872 jure
591 808 776 879 agerentur,
804 808 932 884 postero
954 806 1101 882 tempore

51 888 58 901 Ι
91 910 225 973 inutiles
248 888 408 969 debebant
435 901 541 968 uideri
568 903 793 988 canimenos,
824 931 887 994 quo
909 928 974 970 non
993 910 1101 987 ieme

93 1021 266 1098 Praetore,
296 1014 354 1080 sed
377 1011 521 1094 uindice
543 1028 627 1079 esset
646 1004 869 1099 judicandum,
900 1029 934 1082 et
955 1028 1103 1105 tempore

97 1126 240 1212 quidem,
262 1146 326 1213 qno
348 1132 463 1191 omnes
484 1128 634 1209 ambages
655 1128 847 1193 necessitate
869 1126 1008 1216 quadem
1023 1150 1102 1196 ere-

96 1240 279 1303 nescebant.
500 1318 504 1328 Ι
744 1316 750 1323 ⁸
864 1242 868 1249 '
1099 1236 1103 1245 '

101 1332 105 1339 ⁵
181 1348 235 1413 De
260 1350 450 1415 necessitate
480 1347 703 1431 eligendorum
732 1353 1008 1416 centumuirorum
1035 1354 1104 1413 non

100 1456 239 1523 difficilis
261 1472 310 1523 est
331 1458 518 1547 disputatio.
537 1478 544 1493 ¹
561 1458 627 1525 Eos
653 1463 741 1525 euim
762 1484 835 1526 cum
854 1460 997 1526 dicerem
1019 1456 1105 1522 elec-

98 1580 167 1651 tos,
184 1573 242 1657 qui
263 1570 424 1652 adessent,
448 1580 481 1634 et
501 1583 687 1655 praeessent
708 1575 918 1653 auctionibus,
940 1582 1030 1659 patet
1048 1559 1106 1671 eos

99 1700 175 1743 rum
194 1683 296 1745 fuisse
316 1702 447 1771 munus,
472 1692 637 1763 etcurare,
658 1692 696 1744 ut
715 1686 823 1747 omnia
841 1670 905 1747 rite
924 1680 1107 1769 ordineque
1134 1752 1140 1779 .

103 1801 287 1870 agerentur,
309 1802 362 1873 et,
385 1813 428 1857 ne
449 1791 523 1854 lites
543 1791 676 1871 fierent,
699 1792 820 1860 videre.
864 1793 920 1860 Ad
942 1789 1027 1879 quod
1048 1811 1109 1855 ne-

103 1900 227 1979 gotium
257 1903 366 1987 plure's
392 1903 480 1966 viros
512 1902 675 1985 eligendos
704 1882 881 1989 contendoi
924 1926 984 1969 uec
1005 1924 1110 1968 unum

101 2011 158 2073 vel
184 2031 304 2098 paucos
334 2013 508 2078 suffecisse.
570 2012 637 2079 Nec
665 2018 732 2097 jum
762 2012 802 2081 de
829 2037 966 2081 numero
995 2034 1111 2080 eorum

104 2118 173 2183 alte
192 2123 254 2185 erit
275 2103 424 2203 offensio,
448 2146 523 2188 cum
543 2136 608 2190 tres
629 2137 759 2191 tentum
779 2128 842 2192 viri
867 2136 975 2190 essent
996 2127 1132 2206 singu--

104 2229 211 2293 larum
229 2233 390 2313 tribuum,
413 2234 508 2320 quod,
532 2235 560 2298 si
580 2232 702 2316 judices
723 2230 824 2296 fuisse
843 2255 899 2297 eos
920 2246 1109 2309 statuamus,

108 2343 349 2423 quammaxime
378 2344 580 2429 ambigimus.
624 2344 699 2410 Jatn
729 2365 808 2409 vero
839 2344 889 2406 cui
909 2346 1030 2408 mirum
1056 2344 1111 2424 sit,

110 2448 140 2511 si
162 2454 377 2520 centumviros
404 2460 471 2537 jem
498 2455 611 2544 primis
630 2456 827 2544 temporibus
848 2464 1113 2521 commemoratos

108 2558 273 2642 legimus?
313 2566 365 2635 Ac
385 2567 545 2636 debebant
564 2568 716 2635 exomni
735 2568 857 2657 populo
881 2567 1007 2633 collecti
1028 2582 1111 2638 esse,

116 2722 318 2751 ᾖ...

178 2842 287 2880 sumus.
321 2826 399 2880 Num
415 2827 551 2883 emineret
565 2827 651 2899 longe
666 2829 746 2885 basta
762 2830 837 2887 inter
852 2828 1069 2896 multitudinem,
1082 2833 1118 2880 ut
1183 2888 1187 2899 ,

179 2913 217 2967 ab
233 2912 445 2971 advenientibus
461 2915 549 2971 videri
566 2929 661 2989 posset
675 2921 732 2991 jam
747 2938 763 2975 e
779 2921 951 2995 longinquo,
976 2939 1032 2994 qua
1047 2934 1118 2975 con·

181 3015 277 3078 specta
292 3007 378 3060 simul
395 3006 520 3079 undique
537 3024 652 3077 omnes,
669 3010 717 3082 qui
734 3021 849 3067 arment
864 3030 970 3076 emere,
986 3009 1119 3066 conveni·

141 3091 146 3096 ’
184 3107 264 3165 rent,
282 3100 439 3154 nescimus:
475 3115 645 3169 quamquam
667 3118 712 3156 res
734 3120 785 3174 per
807 3119 836 3157 se
858 3104 895 3157 sit
910 3101 1122 3158 verisimillime

185 3191 245 3245 Sub
263 3190 312 3244 diu
329 3201 356 3245 et
373 3192 403 3244 in
420 3187 538 3262 publico
553 3186 616 3242 loco
634 3207 698 3246 curn
714 3190 815 3249 fierent
830 3193 971 3247 auctiones
987 3190 1123 3261 (plerum-
1181 3206 1185 3213 ·

189 3296 245 3351 que
261 3282 292 3334 ln
309 3282 401 3349 loro),
425 3278 494 3351 erigi
512 3275 614 3335 melius
635 3284 759 3354 potuisse
775 3284 884 3338 hastam
901 3280 984 3335 velim
1000 3266 1032 3333 in'
1045 3280 1123 3355 mul-

187 3371 317 3427 titudine.
353 3372 407 3426 Cui
423 3373 571 3443 conjuncta
588 3387 619 3424 ea
636 3376 761 3445 quaestio
777 3385 828 3436 est,
845 3374 964 3427 etiamne
979 3373 1011 3425 in
1027 3370 1124 3426 basili·

147 3501 150 3508 ·
187 3480 220 3517 ca
237 3462 326 3532 Julia,
343 3463 395 3521 ubi¹
410 3463 564 3534 judicantes
580 3464 766 3520 consederunt
782 3464 965 3529 centumviri,
981 3463 1125 3519 auctiones

188 3572 286 3610 rerum
309 3554 486 3626 publicarum
508 3552 745 3612 instituerentur?
776 3557 848 3612 Eam
871 3574 933 3612 rem
955 3556 1050 3612 nescio
1065 3553 1124 3607 ullo

188 3647 354 3703 testimonio
384 3662 476 3719 neque
499 3644 699 3716 comprobare,
730 3664 822 3722 neque
842 3648 980 3704 refutare:
1014 3657 1044 3702 at
1064 3662 1126 3702 earn

190 3740 291 3797 uellem
315 3749 358 3794 sat
378 3755 431 3810 per
456 3754 485 3792 se
509 3736 733 3809 improbabilem.
750 3770 785 3783 -
808 3741 862 3801 Vix
885 3744 968 3797 etiarn
984 3738 1065 3795 basta
1080 3736 1127 3790 bic

190 3833 260 3907 poni
277 3831 374 3887 debuit
391 3831 422 3882 in
439 3830 680 3884 centumuirorum
698 3831 817 3900 judiciis.
844 3835 898 3893 Sed
915 3854 976 3893 earn
992 3848 1052 3888 rem
1069 3844 1126 3902 quo

189 3927 250 3995 iure
268 3920 489 3985 sollicitaverim,
509 3917 623 3977 lectoris
639 3933 700 3986 esto
715 3924 863 3996 iudicium.
