2400 4328
389 158 670 233 '-139-

137 338 340 412 Recedebout
360 341 499 407 Romani
521 343 641 406 densim
663 342 807 404 astricto
828 349 915 428 jure3
938 347 1055 429 etjjam

52 458 226 519 obscurum
247 456 320 516 essa
341 445 429 517 baud
449 464 574 539 potest,
606 474 702 537 quere
725 473 768 515 ex
788 458 943 543 stipulatu
972 462 1054 522 actio

54 566 97 631 de
118 564 333 628 evictionibus
355 564 428 626 data
449 563 510 642 sit,
538 565 665 626 etiamsi
687 565 776 627 nulla
797 568 963 654 stipulatio
983 580 1057 633 ante

53 680 135 742 inite
157 685 254 739 esset.
300 671 392 739 Gonf
411 675 433 737 l.
454 675 487 740 2.
511 672 554 738 D.
576 673 617 737 de
638 676 866 758 evictionibus,
897 670 952 787 ubi
978 681 1059 744 baec

52 790 175 875 scripte
197 793 290 848 sunt:
944 808 948 815 ·

99 898 163 978 „Si
184 896 283 982 dupla
305 916 369 958 non
382 873 648 980 promitteretur,
673 909 706 958 et
726 916 764 962 eo
785 899 918 962 nomine
940 912 1058 983 agetur,

103 1009 197 1096 dupli
220 1003 480 1071 condemnandus
503 1019 552 1069 est
572 1007 687 1070 reus.’'

58 1120 167 1199 Hujus
189 1128 300 1182 tamen
321 1119 383 1182 loci
403 1115 500 1180 dubia
521 1129 571 1180 est
589 1117 688 1198 fides,
711 1131 744 1195 et
765 1121 800 1183 iti
821 1120 927 1185 varios
949 1132 1061 1185 sensns

62 1228 205 1314 torqueri
225 1228 342 1315 potest,
366 1229 417 1290 cui
438 1228 595 1295 unicone
617 1216 764 1294 insistam
783 1242 923 1308 ternere;
946 1218 1063 1299 remia
1169 1272 1171 1277 <

62 1340 175 1406 medio
193 1340 296 1418 magis
318 1338 510 1422 relinquam,
534 1358 630 1423 quern
652 1361 711 1424 pro
732 1352 818 1404 certa
839 1339 1009 1408 affirmem.

145 1448 267 1512 Stricto
296 1451 367 1528 jure
397 1449 444 1509 ita
478 1449 675 1514 retinebatur
704 1451 823 1531 judex,
866 1461 903 1512 ut
939 1453 1066 1531 regulas

63 1559 159 1623 edicti
180 1554 333 1634 Aedilicii
353 1561 513 1646 respicere
532 1558 598 1624 non
618 1564 731 1648 quiret.
776 1559 903 1640 Quibus
926 1563 1067 1642 ambagi-

62 1666 124 1734 bus
146 1692 228 1759 opus
251 1680 318 1733 erat
346 1669 386 1732 ad
407 1670 551 1732 strictum
569 1674 621 1750 jus
644 1669 922 1750 circumeundum,
944 1672 1067 1734 ratione

70 1790 179 1842 nostra
207 1779 300 1842 idclle
327 1781 480 1866 explicari
509 1783 640 1866 poterit.
691 1781 914 1849 Redhibitorie
943 1780 1068 1842 actione

27 1915 29 1919 ·
68 1899 194 1975 poterat
212 1891 249 1952 in
271 1889 404 1975 duplum
426 1889 477 1970 agi
502 1886 565 1974 ²³),
589 1912 734 1957 necnon
755 1895 834 1957 emti
855 1893 978 1955 actione
1002 1890 1066 1974 ⁸⁸9,

67 2022 126 2064 nec
147 2010 216 2093 erat
234 2002 271 2063 in
292 2001 369 2063 bri.
392 1999 517 2078 judiciis
541 2004 609 2067 ulla
629 2004 845 2091 stipulationis
875 1999 990 2090 duplae
1011 2023 1068 2064 ne·

67 2110 210 2177 cessitas.
253 2109 303 2174 At
321 2108 456 2196 duplum
475 2111 527 2196 ²⁸)
549 2116 767 2201 stipulandum
787 2127 877 2193 erut,
899 2126 936 2176 nt
956 2114 1070 2197 eequi-

68 2235 121 2285 tas
153 2233 188 2310 et
216 2222 255 2282 in
282 2222 389 2284 stricto
418 2227 489 2303 jure
526 2223 763 2309 quodammodo
791 2227 934 2288 valeret:
979 2222 1071 2283 aliter

72 2333 163 2396 enim
186 2327 291 2413 judex
317 2350 381 2394 non
407 2345 531 2416 poterat
557 2336 727 2419 aequitatis
754 2335 914 2396 rationem
942 2334 1071 2410 habere,

69 2464 180 2531 neque
201 2444 369 2529 respicere,
391 2455 427 2506 nt
446 2444 684 2523 redhiberetur,
709 2445 775 2508 nisi-
791 2430 1074 2547 antepstipuluttnn

70 2567 182 2621 esset:
220 2565 254 2619 et
282 2552 416 2640 duplum
443 2556 705 2641 promittebatur,
740 2566 777 2617 ut
804 2553 840 2617 id
866 2550 1072 2637 reciperetur,

71 2662 160 2754 quod
188 2672 259 2729 erat
277 2665 318 2726 ‘in
346 2666 378 2727 b.
406 2665 432 2726 1.
456 2664 586 2745 iudiciis
616 2676 813 2730 consuetum.
849 2646 863 2693 s·
882 2659 965 2727 (lum
986 2661 1076 2724 enlm

72 2776 297 2840 contrahentes
318 2776 494 2856 nescirent,
517 2779 674 2864 quantum
694 2772 924 2843 detrimentum
944 2760 1078 2859 percepb

73 2888 142 2949 turi
170 2895 294 2964 essent,
326 2885 401 2972 plus
431 2877 549 2974 simplo
576 2888 794 2974 promisisse·
813 2882 1011 2970 nequando
1030 2878 1075 2960 iti,
1132 2884 1134 2887 ’
1161 2877 1164 2883 ’

75 2994 165 3084 quod
173 2998 354 3075 interesset,
377 3018 443 3059 non
453 2999 664 3086 perciperent,
678 3000 928 3063 consentaneum
935 2990 1074 3057 ridetuts

81 3263 132 3334 ι9)
147 3263 169 3322 1.
184 3263 229 3320 45.
246 3264 287 3320 D.
305 3262 344 3318 'de
367 3264 460 3319 edicto
478 3265 584 3320 dadila
608 3264 826 3329 ..liedbibitoria
849 3262 921 3338 actis
940 3257 1080 3331 tupttcrn
1176 3270 1178 3275 ⁴

148 3354 232 3411 babet
256 3355 537 3424 condemnationem,
553 3357 638 3412 modo
655 3359 686 3410 in
703 3356 838 3428 duplum,
855 3353 942 3409 modo
962 3352 992 3405 in
1010 3351 1080 3406 sirn-

147 3449 229 3520 plum
247 3449 481 3503 condemnabitur
497 3449 661 3505 venditen’·
696 3448 719 3505 l.
737 3448 781 3503 42.
799 3448 838 3508 D.
855 3445 916 3502 eod.
1012 3498 1014 3504 ,

79 3539 172 3609 ¹⁴)r.
190 3536 235 3595 so.
255 3544 289 3608 s
306 3540 352 3597 20
375 3542 411 3597 n
437 3538 584 3596 astutae
609 3540 698 3596 aean.
738 3528 819 3596 tta
836 3543 863 3606 s.
878 3538 906 3597 2.
916 3532 983 3590 nent.
1017 3531 1037 3587 ι.
1055 3534 1084 3590 e.
1158 3572 1161 3590 .

150 3630 375 3687 exterserint.
394 3632 498 3687 vendit.

57 3722 337 3795 1¹⁸)Derectll.
355 3722 442 3792 555
461 3725 488 3784 1.
504 3723 542 3781 D
560 3721 807 3781 tediuonettt.
834 3715 1007 3851 11919,
999 3708 1084 3775 ΜΘ.

127 3819 180 3882 5.
196 3815 242 3871 20.
254 3814 323 3874 meod
