2400 4328
478 134 775 200 .„122„

197 309 221 370 l.
243 304 299 374 24.
322 305 365 372 D.
388 304 546 392 depositi:
580 315 648 385 „et
669 316 719 369 est
740 301 870 390 quidem
890 304 1109 373 constitutum
1128 309 1165 374 in

194 420 297 483 bonae
316 419 395 484 fidei
414 416 553 499 judiciis,
576 412 663 500 quod
684 413 725 478 ad
746 436 859 493 usuras
881 421 1006 495 attinet,
1030 432 1071 484 ut
1087 433 1166 490 tan.

191 528 325 593 tundem
344 527 617 618 possetofficium
634 525 755 605 arbitri,
779 541 935 613 quantum
956 532 1164 615 stipulatio.”

191 640 213 703 l
235 637 289 703 54.
312 636 354 703 D.
377 639 490 704 locati:
513 636 663 718 „Usurao
684 639 829 721 enimin
848 642 953 705 bonae
973 641 1054 707 fidei
1073 645 1164 725 judi—

193 747 261 821 ciis,
284 752 346 814 etsi
366 773 434 851 npn
453 762 521 813 tam
537 772 579 813 ex
599 748 795 830 obligatione
817 735 972 835 oriantur,
996 775 1094 842 quern
1114 779 1160 822 ex

192 860 298 926 officio
318 861 433 943 judicie
455 859 686 948 applicentur.”

151 964 244 1049 Quae
274 995 348 1037 cum
378 976 426 1039 ite
454 976 539 1052 sint,
569 973 607 1035 in
628 972 778 1034 omnibus
799 973 905 1037 bonae
926 928 1004 1039 fidei
1024 975 1156 1057 judiciis

149 1084 346 1150 accessiones
367 1086 438 1149 fieri
461 1082 550 1147 haud
571 1081 707 1147 dubium
728 1094 796 1149 est:
821 1083 1157 1171 nonquidemstricta

91 1182 98 1189 ’
148 1195 354 1277 obligationis
375 1195 649 1283 interpretatione,
673 1195 833 1278 aequitate
850 1207 972 1276 tamen,
995 1210 1029 1289 et
1038 1197 1156 1283 judicis

148 1307 267 1373 officio.
303 1308 353 1395 ,Et
372 1319 518 1396 partum,
540 1319 574 1370 et
594 1327 726 1373 ornnem
747 1326 875 1370 causam
895 1308 931 1370 in
951 1309 1004 1373 bis
1025 1309 1155 1392 judiciis

148 1420 273 1500 venire,
294 1421 482 1485 testimonia
503 1418 657 1482 exhibent
677 1415 772 1480 valde
794 1416 914 1483 diserta
936 1420 982 1502 ⁴).
1001 1454 1045 1473 -
1070 1421 1152 1485 Noli

61 1609 64 1615 ,
148 1536 258 1592 tamen
279 1531 340 1593 tibi
360 1526 572 1618 persuadere,
600 1529 755 1591 incertam
782 1551 926 1618 unquam
955 1528 1147 1619 aequitatem

145 1637 261 1716 judicis
282 1643 390 1707 officio
412 1663 473 1706 usu
495 1641 636 1720 venisse,
664 1639 749 1702 nihil
768 1655 896 1728 poterat
914 1640 1072 1725 jadertin
1089 1642 1150 1711 bo-

146 1770 209 1814 nae
230 1749 308 1816 fidei
326 1752 471 1833 judiciis,
496 1773 593 1839 quam
615 1747 700 1838 quod
720 1755 772 1831 jus
794 1734 1003 1821 coustitutum
1025 1751 1155 1819 deside·
1183 1787 1197 1799 ’-

148 1863 256 1927 rabat.
279 1886 338 1929 nec
359 1887 501 1952 unquam
520 1866 631 1945 legum
648 1861 787 1959 rationes
799 1862 917 1947 egredi,
931 1864 1155 1933 contrefidern

147 1991 260 2061 suam,
289 1985 322 2039 et
348 1977 549 2058 religionem.
594 1973 751 2054 Quocirca
772 1991 887 2035 usurae
908 1974 978 2064 peti
1000 1995 1073 2038 non
1095 1997 1154 2065 po-

113 2160 115 2166 ·
145 2090 267 2164 terant,
291 2087 356 2150 nisi
378 2109 450 2150 curn
464 2085 597 2150 'debitor
618 2094 704 2149 esset
723 2083 759 2145 in
778 2077 998 2159 inuadendi,
1022 2088 1085 2149 vel
1109 2091 1154 2153 lc·

146 2197 272 2261 ciendi:
302 2200 446 2287 alioquin
472 2199 561 2271 enirn
592 2199 681 2260 nulla
708 2204 776 2259 erat
803 2210 970 2255 usurarum
991 2196 1154 2278 petendo-¹

145 2330 219 2373 rum
238 2311 383 2395 legitima
405 2331 500 2375 cause
525 2307 566 2394 ⁵),
588 2329 694 2404 neque
713 2304 881 2393 quisquam
903 2306 1074 2393 percipere
1095 2331 1154 2397 po-

145 2474 339 2492 m

146 2543 183 2612 ⁴)
202 2545 222 2599 l.
241 2544 310 2615 1.,9.
321 2541 364 2597 24.
382 2541 419 2596 D.
438 2542 576 2612 deponitis
594 2541 651 2607 „Et
666 2538 730 2591 ideo
747 2535 870 2592 iri-hunc
886 2537 1027 2595 actionem
1046 2544 1152 2609 venire,

215 2646 243 2691 et
261 2652 375 2689 ornnem
392 2651 519 2696 causam,
544 2640 700 2703 otpertum
719 2629 868 2685 dicendum
885 2642 945 2697 eet,
958 2648 994 2685 tre
1012 2633 1095 2691 nuda
1110 2653 1152 2689 rer

214 2724 351 2780 veniet.”'
486 2708 489 2717 Ι

147 2816 184 2886 ⁸)
202 2816 292 2871 ,1.32.
310 2816 345 2870 Ι).
363 2814 397 2868 de
413 2832 509 2870 utun:
534 2814 592 2880 „in
613 2812 706 2867 bonae
729 2801 1002 2868 fidei'contraetibue
1020 2832 1055 2869 ex
1072 2832 1152 2871 more

213 2926 315 2963 usurae
331 2908 476 2962 debentur.
484 2909 502 2937 ”
528 2908 546 2960 l.
556 2906 600 2960 47.
617 2905 654 2960 D.
671 2903 704 2959 de
722 2914 775 2960 eet.
792 2906 876 2958 emti:
890 2904 1018 2969 „Paulus
1033 2923 1152 2980 respon-

213 3000 264 3069 dit,
274 3021 307 3057 ex
323 3009 477 3062 conuecto,
488 2998 521 3053 de
538 3015 595 3070 quo
611 2997 764 3072 quaeritur,
772 2996 855 3050 etiarn
873 2994 1006 3053 heredem
1022 2982 1152 3056 vendito·
1168 3000 1173 3005 ’

212 3097 253 3151 ris
271 3095 301 3149 in
316 3110 438 3167 poenam
455 3091 599 3146 conveniri
614 3089 753 3162 poue-in
768 3089 878 3143 actione
894 3106 1010 3160 quoque
1022 3106 1056 3149 ex
1069 3100 1149 3143 emto

214 3188 309 3245 officio
333 3185 433 3259 judicis
456 3195 524 3257 poet
538 3200 648 3237 moram
664 3179 880 3246 intercedentem
897 3190 1050 3239 usurarum
1065 3184 1151 3255 pretii

213 3281 352 3334 rationem
369 3275 466 3332 haberi
484 3275 640 3346 oportere.’‘
658 3272 737 3328 1.23.
756 3273 792 3326 D.
810 3270 843 3326 de
859 3289 918 3327 erc.
936 3274 980 3329 rei
997 3274 1058 3343 jud.
1075 3274 1150 3331 l.29.

215 3379 242 3440 ς.
262 3371 288 3427 1.
307 3369 438 3442 depositi.
481 3367 500 3423 l.
517 3366 544 3422 3.
562 3367 595 3423 C.
613 3365 646 3419 de
663 3365 722 3421 reb.
739 3363 836 3418 credit.
872 3363 891 3418 l.
910 3363 953 3420 12.
972 3364 1005 3421 C.
1024 3367 1062 3422 de
1074 3384 1151 3423 nster.

212 3462 233 3520 l.
250 3462 277 3517 3.
296 3472 322 3518 et
339 3459 366 3518 5.
390 3459 425 3516 C.
452 3458 488 3514 de
511 3459 663 3530 pertint.
685 3464 785 3519 emtor.
803 3465 832 3511 et
846 3456 987 3534 uenditor.
1030 3459 1062 3513 Si
1080 3458 1155 3533 qued

213 3554 334 3609 fortuito
360 3568 425 3607 ceso
448 3551 648 3631 detrimeptum
673 3546 768 3600 datum
786 3555 845 3601 eret
863 3548 894 3600 in
909 3547 1001 3623 bonae
1019 3549 1088 3607 fidei
1105 3569 1155 3606 ue.

199 3646 306 3717 gotila,
323 3643 399 3698 nulle
417 3652 476 3696 erat
493 3641 617 3713 aequitas
634 3637 752 3709 egendi;
789 3632 853 3698 to.
873 3639 905 3693 C.
925 3640 960 3693 de
975 3638 1090 3712 pigner.
1112 3643 1155 3698 τι·

215 3739 308 3791 tione:
337 3733 440 3804 „Quae
465 3732 586 3788 fortuitis
610 3729 718 3785 casibus
744 3727 882 3793 accidunt',
906 3747 972 3785 cum
996 3734 1158 3805 praevideri

215 3844 273 3880 non
291 3826 445 3897 potuerint,
473 3824 502 3877 in
532 3822 634 3893 quibus
653 3821 738 3874 etiam
760 3837 907 3891 egrosnrra
933 3821 1081 3881 le'tronum
1110 3835 1157 3887 ert,

123 3942 130 3951 ·
216 3917 294 3972 nulle
311 3916 399 3969 bonae
416 3913 480 3968 fidei
498 3913 601 3983 judicio
619 3915 883 3983 praestentur.”··—
