2400 4328
459 88 697 199 -ιις

55 324 140 377 tum
159 306 265 371 multo
287 302 467 369 faciliorem
488 307 605 386 fuisse,
621 319 690 371 tum
702 308 868 394 aptiorem
915 307 976 370 Ubi
991 314 1078 375 anim

60 420 177 506 judex
188 416 232 483 ud
252 437 327 480 rem
353 414 588 495 dijudicandam
618 400 750 483 allectus
781 432 868 496 erat,
881 422 994 515 eiquo
1025 440 1076 483 res

10 526 280 599 'discernende
302 525 432 607 tradita,
456 532 527 616 quie
550 527 685 610 dubitet,
709 550 795 603 eum,
820 549 891 591 cum
912 530 1079 614 jurisperi—

61 656 114 709 tus
130 653 234 719 esset,
246 649 282 703 et
296 660 364 702 nou
378 640 493 726 scripte
503 642 642 703 formula
656 638 811 720 judicium
825 642 908 703 ferre
921 642 1078 725 potuisse.

13 754 148 843 Quia
169 750 310 831 dubitet,
334 750 413 835 quin
432 750 479 812 ita
500 747 599 831 judici
619 745 826 831 judicandum
848 751 955 845 fuerit,
979 763 1012 813 et
1027 753 1078 830 jue

10 864 331 950 {aequitatemque
353 858 554 947 respicienti,
578 874 611 926 et
632 880 723 927 rem
719 860 953 941 investiganti.
977 864 1078 947 aiqui-

10 968 27 1037 5
66 956 150 1039 dem
172 990 234 1034 sua
251 968 331 1051 fida,
365 971 522 1057 religione
542 993 578 1034 ac
605 975 728 1053 legibue
757 982 842 1035 esset
868 969 1076 1049 judicaturus
1151 1058 1154 1062 λ

10 1074 162 1164 {Quia
183 1058 300 1145 mirum
318 1080 420 1160 nolit,
443 1104 513 1146 rem
535 1103 793 1170 unamquamque
814 1094 882 1145 tam
900 1084 1008 1146 inutili
1026 1106 1075 1146 ra

73 1196 166 1259 tione
184 1192 299 1257 iterum
326 1195 510 1277 iterumque
538 1205 780 1279 pertractatam,
805 1195 918 1280 primo
940 1212 960 1253 a
980 1192 1077 1258 Brae-

75 1317 146 1369 tore
156 1302 287 1385 injure,
305 1302 407 1367 deioa
419 1302 526 1384 judice
541 1306 576 1368 in
589 1304 706 1384 judicio
718 1308 790 1391 plue
799 1305 955 1367 semaele:
980 1316 1080 1390 atque

71 1416 263 1480 al’raetore
293 1415 404 1481 debuit
432 1436 484 1480 res
516 1416 678 1509 cognosci,
712 1426 747 1477 ut
775 1415 947 1478 formulam
977 1414 1075 1487 iudici
1146 1478 1151 1487 ,

10 1594 13 1599 ,
68 1528 234 1592 scriberet.
277 1525 386 1607 Quam
410 1548 488 1592 caue
525 1546 795 1612 supervacaneam
825 1527 986 1589 rationem
1006 1525 1075 1589 llo-

10 1714 16 1719 ,
65 1656 181 1703 munos
203 1634 347 1721 unquam
366 1649 490 1702 temera
511 1639 707 1725 appetivisse
729 1635 860 1700 dubito!

25 1810 37 1841 Ι,
150 1743 294 1812 Proinde
311 1767 391 1835 quae
403 1748 577 1835 inquirenti
591 1750 724 1814 obviant
738 1744 958 1811 difficultates:
978 1776 1020 1795 ·-
1034 1743 1077 1809 ad
1106 1762 1110 1767 ·

10 1860 12 1865 ’
62 1877 122 1921 eas
131 1852 344 1922 desumendas
355 1840 422 1939 'jam
434 1881 508 1923 eum
519 1862 779 1940 reclamemus,
794 1872 828 1923 ut
841 1879 892 1923 res
902 1855 1075 1944 'perspicua

10 1970 13 1979 ’
63 1970 117 2035 eit.
164 1966 263 2032 Ratio
277 1972 367 2033 enim
380 1950 478 2051 longe
493 1972 739 2059 aliasupererit,
757 1952 818 2059 qua
841 1970 910 2036 rem
931 1968 1074 2055 explice-

55 2062 158 2148 mus:
181 2079 224 2146 ud
244 2080 386 2166 priorem
408 2082 525 2169 quippe
544 2081 655 2171 judicii
675 2086 837 2149 rationem
851 2077 1031 2146 redeamus.

150 2190 241 2255 Eum
258 2188 446 2253 Praetorem
465 2194 563 2258 luisse
585 2176 722 2273 scimus,
755 2196 804 2257 cui
826 2193 972 2256 relictum
994 2198 1072 2264 eret,
1109 2189 1113 2196 '

17 2340 31 2353 ·
59 2296 293 2382 jurisdictione
313 2302 383 2377 jura
404 2301 551 2369 conficere
574 2328 609 2369 ac
632 2306 792 2381 stabilire,
817 2323 858 2363 ne
875 2300 946 2382 quis
964 2308 1075 2359 contra

56 2410 250 2477 naturalem
266 2412 458 2496 aequitatem
471 2415 712 2481 condemnetur.
740 2410 788 2475 Et
796 2416 947 2485 actiones,
963 2418 995 2469 et
1012 2426 1071 2469 ex-

56 2524 229 2610 ceptiones
246 2517 334 2585 dedit
344 2513 389 2586 ¹ob
411 2513 622 2612 aequitatem,
639 2526 679 2589 ed
698 2532 749 2605 jus
774 2523 866 2587 civile
892 2518 1070 2600 iqlrln'gen-

58 2632 158 2699 dum':
173 2645 513 2723 eamquapoteetetem
525 2642 560 2701 in
572 2643 641 2719 jure
652 2636 799 2702 Romano
809 2646 844 2701 ut
853 2631 989 2698 maximi
999 2653 1076 2705 mo,

56 2746 165 2829 menti
192 2755 312 2807 norunt
340 2732 478 2827 omnes,5
501 2760 537 2811 ut
558 2750 615 2811 vix
637 2768 716 2834 opus
740 2752 799 2823 ait,
819 2743 859 2808 de
876 2764 915 2841 ea
932 2763 966 2804 re
982 2742 1070 2803 loco·

58 2872 137 2919 rum
170 2856 397 2943 rationumque
435 2845 696 2922 multitudinem
715 2877 893 2938 congerere.
945 2850 1068 2915 Eadem
1160 2943 1161 2946 Ἴ

56 2984 139 3031 vero
160 2977 304 3055 potestas
326 2988 492 3055 nunquam
520 2968 617 3050 judici
641 2984 709 3053 erat
732 2968 895 3056 pedaneo:
930 2982 1066 3047 namquo

54 3076 127 3165 ipsi
137 3078 260 3141 nullam
278 3098 423 3166 uuquam
439 3066 695 3160 iurisdictionem
711 3083 811 3143 luisse
826 3079 938 3161 liquet.
983 3070 1066 3151 Qui-

55 3189 121 3249 bue
136 3188 228 3251 rebus
240 3166 399 3253 rationem
410 3189 524 3255 edesse
536 3194 639 3257 sentio
656 3196 702 3255 rei
718 3187 936 3276 explicandae.
981 3180 1066 3245 llam

54 3288 203 3363 Praetori
239 3300 499 3380 cognoscendum
535 3314 620 3377 erat,
656 3314 692 3362 ιιι
729 3304 842 3375 sciret,
874 3318 916 3359 an
954 3291 1068 3385 agendi

52 3416 251 3497 potestatem
274 3407 350 3475 dari
367 3433 450 3500 opua
473 3424 576 3491 esset,
599 3411 779 3495 idcircoque
802 3431 930 3474 causam
951 3426 1067 3471 uuam-

54 3536 217 3605 quamque
244 3515 355 3585 debuit
384 3527 534 3610 probare,
567 3544 608 3587 ue
639 3544 699 3608 qua
729 3519 891 3583 adesset
882 3542 915 3582 ιιι
946 3516 1065 3596 judicio

47 3609 229 3715 iniquitas:
254 3634 380 3725 'etenim
400 3637 435 3697 in
458 3634 602 3719 quolibet
621 3632 740 3712 judicio
768 3634 873 3718 potuit
894 3629 948 3693 vel
971 3636 1068 3701 actor,

13 3738 110 3803 ml
124 3757 207 3829 -reua
231 3741 342 3804 stricto
364 3748 434 3822 jure
458 3728 711 3830 circumscriptus
745 3765 826 3805 esse.
872 3741 981 3827 Atque
998 3760 1069 3801 om-

10 3834 13 3873 *
56 3869 122 3913 nea
140 3832 300 3915 ¹actiones
320 3864 352 3915 et
373 3857 585 3943 exceptiones,
611 3874 689 3941 quae
720 3854 874 3941 paulatim
897 3876 915 3917 e
937 3852 1069 3915 Praeto-
