2400 4328
471 108 832 215 fimf,

111 285 538 386 dicitur.nonnunqua1n
567 280 655 342 enirn
682 284 732 359 jus
761 276 1003 375 stipulationum
1035 285 1128 351 civile
1157 261 1160 265 .

114 383 324 461 nominatum
346 403 397 455 est
421 389 465 473 ⁴).

190 500 250 573 Its
279 502 390 565 uuila
402 511 546 565 remanet
576 497 756 568 difficultas.
809 500 895 567 saris
924 512 974 565 est
1003 504 1126 590 perspi-

75 614 81 625 '
115 635 207 679 cuum
219 663 231 699 ,
279 614 489 698 quamobrem
511 610 650 679 Romani
672 612 803 674 stricti·
793 614 873 692 Juris
895 615 1054 676 rationem
1075 636 1135 693 re,

81 750 84 758 ·
110 727 286 813 liquerint;
312 745 350 787 ea
369 721 519 800 videlicet
540 723 740 802 necessitate,
759 743 820 809 qua
838 725 994 809 paulatim
1014 728 1124 810 aequi-

105 849 158 901 tas
182 854 355 916 emergere
372 833 508 920 incepit.
544 855 605 918 que
635 832 766 897 demum
794 836 844 912 jus
867 832 1050 897 Romanum
1084 834 1124 898 ad

105 968 282 1013 summum
301 944 418 1009 florem
438 944 588 1030 pervenit
614 941 654 1025 ⁸).

130 1057 452 1129 Permanserunt
489 1057 605 1117 horum
635 1052 827 1134 judiciorum
854 1016 1036 1116 discrimina
1068 1058 1122 1122 vel

111 1169 291 1237 iustiniani
322 1180 487 1253 tempore:
521 1165 555 1225 in
587 1161 776 1248 quibusdem
809 1165 902 1226 rebus
930 1166 998 1227 lere
1039 1167 1121 1229 nihil

94 1259 168 1341 'out
189 1300 256 1342 nou
278 1297 474 1361 magnopere
502 1280 552 1354 jus
581 1277 725 1338 strictum
749 1298 766 1337 a
788 1278 891 1339 bonae
913 1271 988 1336 fidei
1010 1277 1120 1359 aequi-

107 1402 177 1453 tate
200 1390 395 1453 abhorrebat
420 1382 471 1470 ⁶),
494 1387 528 1449 in
551 1385 742 1472 quibusdem
763 1388 1010 1472 permagnne'et
1031 1382 1119 1447 dilfi-
1182 1384 1189 1414 ⁵

107 1680 145 1742 ⁴)
172 1676 191 1730 1.
201 1676 228 1731 1.
248 1675 270 1744 §-
282 1675 309 1730 1.
320 1675 356 1732 D.
375 1674 409 1729 de
428 1673 503 1727 doli:
524 1673 609 1740 „lrleo
628 1683 720 1728 autem
740 1673 811 1726 bsnc
830 1672 1020 1741 exceptionem
1033 1671 1118 1724 Prae-

141 1810 143 1814 ,
180 1776 229 1820 ιοι
245 1767 407 1836 proposuit,
430 1784 466 1818 ne
484 1766 528 1818 cui
548 1765 630 1821 dolus
648 1783 715 1818 suus
733 1782 784 1835 per
800 1762 972 1819 occasionem
993 1764 1061 1829 juris
1074 1763 1117 1816 ci·
1153 1787 1154 1791 ¹

180 1853 247 1910 vilis
264 1854 359 1913 eontra
375 1857 532 1912 naturalem
549 1856 715 1928 aequitatem
733 1858 853 1928 prosit.'’
889 1858 913 1920 ς.
931 1854 956 1909 1.
976 1851 1005 1908 J.'
1021 1854 1054 1909 de
1071 1850 1117 1909 ιι·
1188 1869 1192 1880 “

178 1938 370 2022 ceptionibus:
393 1988 410 2016 ,.
422 1948 516 2021 palam
541 1950 597 2013 es't,
621 1950 681 2017 jure
704 1946 781 2001 civili
806 1958 833 2001 te
857 1945 1010 2018 obligatum
1034 1948 1117 2002 esse.'·

176 2043 264 2119 Gajus
281 2040 331 2096 lv.
349 2043 375 2109 b.
394 2042 472 2097 116.·
492 2058 598 2111 „saepe
616 2041 690 2094 enim
707 2040 820 2106 accidit,
836 2047 868 2092 nt
885 2038 949 2110 quis
965 2040 1026 2108 jure
1042 2037 1116 2092 clviii

170 2110 328 2199 teneatur,
332 2130 404 2184 sed
396 2133 525 2203 iniquum
544 2132 594 2197 sit,
612 2129 676 2209 ιιιιιι
695 2131 798 2200 judicio
815 2130 941 2189 terreri’*

104 2226 142 2286 ‘i
167 2224 244 2276 Utra
266 2202 361 2274 tumen
384 2224 478 2276 ratio
470 2243 532 2293 jure
549 2233 681 2284 naturae,
671 2201 789 2292 quoi
799 2239 852 2275 nos
869 2219 1002 2282 dicimus,
1027 2219 1115 2288 magis

178 2308 337 2384 probabilis
360 2302 495 2376 videatur,
532 2317 562 2367 in
587 2314 677 2367 nimio
702 2312 850 2366 hominum
879 2301 1007 2364 dissensu
1039 2309 1114 2364 haud

176 2400 376 2476 praestiterim.
414 2402 445 2458 si
469 2408 609 2460 rationem
634 2403 795 2475 sequimur,
815 2401 944 2456 strictum
966 2400 1010 2468 jus
1032 2401 1114 2455 unice

172 2493 293 2568 probari
309 2493 423 2565 poterit,
447 2485 588 2569 ⁵siquidem
610 2498 653 2567 jus
677 2511 734 2549 non
752 2494 806 2548 nisi
826 2513 840 2547 e
857 2491 912 2546 fide
930 2489 1112 2560 obligationis
1143 2528 1149 2535 ,
1183 2479 1185 2488 ¹

171 2595 300 2658 repetere
315 2586 470 2659 possimus.
504 2591 539 2640 In
557 2591 635 2658 cujus
652 2575 793 2641 rei'lidem
811 2586 926 2640 citarem
937 2580 1136 2663 Ciceronem,¹
1178 2652 1188 2665 ἵ.

107 2705 109 2708 ·
169 2679 221 2750 qui
245 2676 463 2749 stipulationum
486 2681 529 2748 jus
547 2683 803 2753 „mimmius”
822 2676 898 2733 dicit.
931 2675 982 2730 Ait
998 2674 1111 2748 quidem

169 2770 244 2824 libro
262 2769 285 2844 l,
303 2768 337 2829 de
352 2762 427 2826 offic.
447 2786 471 2822 c.
484 2771 527 2825 10.
538 2792 549 2825 ι·
564 2772 645 2834 „iarn
663 2771 719 2825 illis
736 2770 883 2842 promissis
901 2768 1031 2826 stantium
1049 2786 1110 2824 non
1132 2819 1135 2825 ,
1153 2831 1155 2836 .

168 2877 247 2926 esse,
262 2861 327 2931 quis
344 2878 403 2914 non
423 2859 505 2927 videt,
523 2880 594 2932 quae
610 2873 722 2918 coactus
740 2863 803 2934 quis
820 2871 906 2928 metu,
922 2878 993 2932 quae
1010 2861 1109 2934 decep·
1150 2920 1152 2924 ,
1174 2850 1176 2855 ⁴

132 2961 218 3038 ³‘'tus
235 2948 300 3005 doio
317 2952 512 3025 promiserit?
539 2972 609 3024 quae
634 2953 747 3027 quidem
765 2951 899 3026 pleraque
916 2955 976 3023 jure
993 2952 1108 3009 Praeto-

167 3043 213 3098 rio
231 3041 397 3109 liberantur,
414 3043 550 3103 nonnulla
566 3045 683 3114 legibus.
718 3046 852 3098 Existunt
869 3043 945 3096 enirn
963 3059 1043 3113 saepe
1062 3041 1108 3096 io-

163 3132 421 3205 juriaetcalumuia
445 3134 566 3205 quadam
591 3146 619 3190 et
641 3136 726 3191 nimis
751 3134 866 3197 callida,
895 3132 943 3186 sed
967 3131 1109 3188 malitiosa

163 3225 236 3298 juris
262 3224 504 3296 interpretatione.
539 3227 584 3279 Ex
608 3244 665 3298 quo
692 3225 761 3280 illud
777 3242 922 3280 summum
937 3224 982 3292 jus
999 3240 1110 3282 summu

161 3315 272 3388 injuria
290 3314 395 3369 factum
413 3327 456 3371 ιιι
471 3320 526 3387 jam
545 3317 644 3375 tritum
661 3335 789 3371 sermone
803 3314 1023 3389 prqverbium·'’

88 3412 129 3481 ὅ)
160 3407 196 3467 ld
214 3406 365 3461 dicendum
389 3418 431 3462 est
447 3407 481 3462 de
499 3408 795 3480 compensationibus,
820 3407 878 3462 doli
896 3415 1043 3480 metusque
1060 3424 1109 3460 ex·
1143 3477 1151 3488 ι

161 3497 352 3570 ceptiouibus,
370 3510 397 3553 ιι
414 3499 582 3554 actionibus.
617 3498 662 3554 nd
685 3499 868 3571 aequitatem,
885 3498 1021 3572 psulstiur
1038 3516 1109 3570 pro·

160 3589 325 3644 venientem
348 3607 462 3663 quoque
486 3590 516 3643 in
534 3572 780 3661 stipulationibus,
804 3590 878 3647 baud
902 3585 987 3645 dubie
1010 3598 1109 3655 auctor

159 3680 233 3752 legis
250 3680 358 3736 Galliae
373 3680 524 3752 cisalpinae
547 3669 683 3755 respersit,
702 3682 755 3754 -qui
773 3674 788 3738 I
797 3723 804 3751 ,
821 3683 865 3738 27.
883 3694 910 3738 ιι
927 3681 971 3736 30.
986 3680 1109 3753 stipu127
1158 3751 1162 3760 ¹

150 3771 293 3828 'tionibus
309 3770 388 3826 sidit
405 3771 489 3827 verba
507 3791 567 3839 „ex
583 3773 658 3828 bons
676 3772 768 3828 fide.”
806 3774 884 3845 Quae
902 3791 946 3828 res
964 3774 1016 3827 etsi
1033 3778 1110 3826 tenta
1168 3768 1170 3772 ’

92 3930 95 3937 1
162 3865 227 3919 non
245 3864 290 3932 sit,
307 3873 341 3920 ut
358 3863 427 3947 lerri
443 3874 573 3936 nequeat,
590 3865 690 3922 melius
708 3874 801 3922 tumen
819 3862 903 3922 verbs
921 3864 1057 3928 abessent,
1074 3877 1113 3916 ne
