2400 4328
429 132 491 231 ’.-.
545 174 588 240 17
632 212 684 285 7·
749 252 753 261 ,

57 372 180 440 quaque
201 370 240 412 re
262 352 302 413 ab
323 348 380 424 illa
402 347 520 429 distet,
559 360 592 411 et
622 367 705 434 quae
737 346 875 436 denique
897 353 1062 432 canescit,
1095 360 1102 373 '

56 475 89 529 ut
106 465 190 526 haec
213 460 381 542 legisactio
398 457 498 541 adsit,
521 457 750 550 inquirendum
771 473 832 525 est.
914 494 919 511 ι

135 572 254 658 Atque
276 569 319 634 de
340 571 471 634 nomine
492 571 595 651 hujus
604 568 821 654 legisactionis
836 582 873 635 ut
885 569 975 659 prius
992 591 1066 635 mo·-

50 705 169 764 neam‚
194 701 312 746 eamn
335 671 530 745 condicendo
553 679 814 761 denominatam,
839 679 927 744 haud
947 680 1066 746 indefi-

53 796 124 859 nite
145 791 226 855 dicit
247 789 369 874 Gajusr
397 795 487 857 vocis
510 792 600 854 enim
621 787 810 853 condicendi
831 789 945 855 eadem
966 792 1066 873 signi-

50 886 168 968 'ficatio
194 912 274 979 erat,'
296 924 398 990 quam
418 898 632 968 denuntiandi
657 898 714 986 ΙΙ);
746 902 912 965 consuevit
934 901 1064 987 quidem

61 1024 150 1077 actor
163 998 348 1078 'adversario
371 1013 578 1090 denuntiare,
608 1020 647 1073 ut
676 1011 843 1096 probabile
870 1012 925 1091 fit,
957 1016 1065 1092 aime

66 1121 218 1186 recedenti
239 1135 315 1208 post
335 1125 385 1188 rei
406 1122 680 1210 expositionem
688 1130 726 1182 ut
747 1117 897 1201 adesset,
914 1143 951 1184 se
971 1120 1066 1185 trice·

68 1233 143 1296 simo
164 1232 223 1297 die
238 1232 280 1296 ad
300 1233 443 1338 judicem
465 1228 688 1318 capiendum
676 1253 714 1292 ιιι
733 1234 804 1310 jure
817 1227 912 1317 apud
932 1230 1064 1294 Praeto-

61 1364 128 1408 rem
156 1347 315 1408 futurum.
372 1343 448 1424 Qua
483 1341 528 1406 da
555 1360 592 1405 re
623 1361 696 1404 cum
727 1337 827 1423 Gaius
857 1343 969 1407 unicus
998 1344 1067 1411 fers

56 1467 169 1520 auctor
190 1456 252 1534 sit,
276 1458 345 1535 ejus
368 1452 454 1518 dicta
475 1440 697 1534 conferamus;
727 1473 806 1518 eum
827 1473 923 1540 quam
943 1455 1067 1518 breria-

52 1568 138 1630 sime
160 1565 385 1655 disputantem
404 1561 555 1630 videmus
576 1561 618 1628 de
639 1560 857 1644 condictione,
879 1565 970 1628 hisce
992 1566 1066 1649 qui-

53 1677 134 1744 dem
154 1677 263 1742 uerbis
286 1677 349 1758 ²).

15 1797 19 1804 '
102 1808 227 1871 „nam
234 1795 320 1850 actor
341 1784 527 1853 adversario
548 1753 773 1866 denuntiabat,
802 1797 839 1848 ut
867 1785 909 1849 ad
926 1785 1066 1866 judicem

102 1895 294 1985 capiendum
320 1895 435 1960 XXX
456 1893 509 1962 die
529 1896 666 1979 adesset.
677 1894 699 1928 ”
774 1931 777 1935 ·

54 1989 128 2076 Sed
149 2030 309 2095 quaenam
331 2006 448 2089 agendi
469 2006 512 2071 sit
544 2010 626 2071 ratio
655 2012 693 2071 in
722 2005 940 2087 condictione,
979 2005 1067 2070 haud
1139 2012 1145 2057 '-

21 2170 24 2183 .
53 2127 106 2187 ita
129 2122 337 2207 perspicuum
368 2129 429 2182 est.
470 2117 523 2182 Ex
549 2119 593 2182 iis
620 2138 716 2196 vero,
755 2118 838 2204 quae
867 2117 950 2181 dicta
980 2129 1064 2195 sunt,

55 2250 190 2296 novam
210 2248 244 2287 ac
263 2207 485 2289 inconsuetam
507 2228 542 2290 in
568 2249 608 2291 ea
635 2225 752 2308 agendi
780 2226 940 2290 rationem
966 2229 1067 2290 fuisse
1096 2239 1100 2245 '

59 2324 422 2416 videtur'negandum:
456 2356 513 2400 uec
539 2340 638 2402 aliam
664 2338 825 2407 rationem
854 2337 910 2398 abs
930 2332 972 2397 'te
992 2355 1070 2420 per·

56 2459 210 2539 spectem
252 2446 336 2525 scio,
384 2435 477 2532 quam
511 2469 595 2536 quae
636 2450 672 2511 in
710 2444 825 2529 judicis
853 2429 1069 2532 postulatione

55 2570 230 2630 consueta
238 2570 325 2624 erat:
341 2554 390 2620 id
411 2561 517 2641 enim,
539 2563 602 2625 etsi
620 2572 750 2648 propter
771 2557 907 2622 nimiam
929 2558 1069 2639 auctoris

55 2675 252 2738 brevitatem
273 2691 325 2735 res
348 2667 444 2732 dubia
464 2675 526 2751 sit,
548 2673 674 2741 {tamen
701 2674 769 2752 jam
788 2671 842 2734 hic
861 2671 952 2733 locus
974 2664 1069 2732 nobis

42 2759 273 2870 persuadebit.
331 2777 462 2843 Etenim
490 2763 590 2862 judex
624 2783 824 2863 litigantibus
853 2779 986 2846 dabatur
1015 2777 1070 2844 dis
1127 2793 1131 2800 '

63 2949 263 2969 -ιι-Ἀ

62 3058 94 3124 ¹)
124 3055 196 3108 inst.
220 3053 242 3121 i.
259 3050 312 3105 ³15.
337 3050 372 3104 de
384 3052 604 3131 actionibnpc,
606 3053 653 3117 ‚in
675 3069 826 3124 personam
849 3066 916 3104 vero
939 3035 1071 3112 actiones,

84 3144 230 3218 quibus
247 3141 312 3196 dere
328 3141 420 3198 lacere
437 3144 565 3213 oportere
582 3144 754 3222 intenditur,
769 3140 977 3207 condictionem
1001 3157 1072 3195 con·

130 3236 220 3290 dicere
237 3236 313 3288 enim
331 3244 373 3289 est
390 3233 556 3289 denuntiare
572 3235 666 3307 prisca
683 3234 813 3307 lingua&
850 3232 895 3289 Cf.
912 3233 1060 3297 Festum
1046 3251 1073 3288 t.

132 3327 290 3381 condicere.-

29 3419 96 3487 '’)
122 3416 184 3487 Gai·
191 3419 263 3485 lv,
284 3417 328 3474 18
362 3414 466 3472 Festus
490 3436 519 3477 v.
543 3412 684 3473 condictio
708 3418 777 3475 haec
800 3416 944 3490 enuntiet·
953 3478 955 3482 ¹
978 3432 1076 3484 „con-
1107 3454 1111 3459 .
1181 3390 1184 3397 Ι

128 3509 216 3562 dictio
233 3510 264 3562 in
282 3510 357 3564 diem
375 3519 486 3582 certum
502 3510 560 3579 ejus
577 3510 635 3575 rei,
652 3527 724 3580 quae
740 3509 850 3582 agitur,
868 3498 1075 3564 denuntiatio.”

127 3600 224 3670 Quam
240 3603 379 3672 respicere
396 3601 508 3654 videtur
518 3600 628 3666 Cicero,
644 3602 693 3671 qui
710 3603 741 3656 in
759 3602 888 3658 oratione
903 3615 957 3671 pro
967 3598 1076 3669 Quinc·
1157 3599 1186 3691 Ι·

126 3694 170 3746 tio
186 3708 247 3765 cap.
263 3693 309 3748 23.
329 3692 398 3748 haec
415 3691 499 3747 dicite
517 3709 628 3764 „neque
645 3692 783 3761 judicium
800 3691 942 3750 redditum
959 3701 1001 3745 est
1018 3690 1077 3743 nsi-

128 3793 228 3852 tatum,
245 3803 304 3839 non
322 3783 476 3846 condictio,
499 3799 560 3838 non
577 3784 705 3855 sponsio,
730 3803 792 3842 non
809 3782 929 3856 danique
946 3781 1005 3836 ulls
1021 3782 1092 3869 tro-²

128 3891 216 3945 quam
232 3876 392 3933 intercessit
409 3875 596 3948 postularint

94 3983 166 4058 Τις.
184 3987 218 4041 de
230 3991 385 4059 judicibus.
711 3973 741 4066 Β
