2400 4328
358 186 370 227 ι
450 140 503 167 .·-
546 108 751 239 litim-l

65 261 224 351 recedere
241 279 344 345 vellet
357 275 424 360 κ),
447 289 489 355 et,
502 250 630 366 quando
649 282 749 374 pluris
772 301 822 345 res
845 281 974 347 vendita
987 303 1082 369 asset,

67 395 107 460 id
129 380 276 479 repetere
288 388 366 474 α’);
390 391 582 456 resistebant
602 402 713 455 tamen
735 414 777 456 ex
797 391 956 457 Aedilitio
978 396 1081 465 edicto

69 506 155 570 actio
182 499 414 584 redhibitoria,
454 512 487 564 et
518 503 630 587 quanti
659 505 812 568 minoris:
858 526 939 590 quae
971 519 1081 573 temen

68 617 213 681 nullate
236 613 453 677 abhorrebant
473 632 492 674 a
514 615 618 677 bonae
638 613 716 685 fidei
737 615 871 677 actione.
905 615 957 679 Sic
980 641 1081 684 unus·
1143 614 1146 619 ’

68 729 207 815 quiaque
230 724 352 805 eligere
366 734 516 810 poterat,
548 736 657 788 uuum
678 725 778 791 vellet
798 726 903 790 bonae
924 726 1002 792 fidei
1026 752 1079 794 ac-

62 841 169 916 tione,
195 855 241 899 an
262 832 481 911 redhibitoria,
506 856 548 897 an
570 836 682 921 quanti
700 837 835 899 minoris
858 858 961 925 agere.
993 840 1080 904 llaec

62 960 182 1015 autem
202 947 310 1009 boum
335 943 414 1009 fidei
441 945 523 1008 actio
553 950 754 1033 competebat
777 944 896 1023 edicto,
928 969 990 1032 quo
1013 953 1079 1014 sac-

64 1072 147 1121 tum
167 1067 239 1137 est,
272 1066 310 1118 ut
329 1076 396 1120 non
417 1056 549 1135 triginta
570 1077 671 1121 annos
692 1055 838 1135 duraret,
871 1054 929 1119 sed
949 1059 984 1121 in
1004 1060 1077 1123 bre-

11 1150 15 1157 ’
64 1170 164 1232 viora
191 1178 340 1253 tempora
366 1169 422 1245 ea,
463 1188 545 1253 quae
573 1165 708 1232 Aediles
738 1168 993 1231 constituissent:
1037 1169 1077 1234 de

66 1303 90 1367 q
109 1276 278 1343 uodoctos
291 1299 356 1342 non
377 1298 573 1363 magnopere
594 1276 782 1341 dissensisse
803 1278 881 1339 ecio.

149 1389 239 1453 Haec
259 1389 359 1469 igitur
380 1391 463 1450 ratio
485 1389 587 1484 bonae
608 1386 686 1452 fidei
705 1385 914 1475 judiciorum
916 1398 993 1466 erat,
1017 1409 1075 1451 nec

56 1500 244 1565 instrictia
274 1492 413 1581 negotiis
443 1500 511 1588 ullo
541 1511 686 1587 tempore
709 1499 881 1601 obtinebat.
923 1496 973 1565 De
1000 1521 1075 1563 con-

64 1810 116 1880 11ι
133 1811 177 1865 ιι.
193 1828 225 1866 ι.
242 1808 319 1866 ..ιιι
341 1768 425 1895 ιιι.
444 1817 470 1881 ς.
490 1812 517 1867 s.
535 1814 572 1868 o.
593 1811 627 1867 ι.
645 1767 749 1868 ‚aas
770 1808 851 1865 emo:
869 1777 1073 1876 „ttedttbtrto-

136 1906 209 1957 nem'
224 1920 338 1976 quoqne
362 1906 503 1960 contineri
526 1904 593 1961 emti
616 1906 719 1971 judicio
738 1915 765 1959 et
782 1903 884 1969 Labeo,
909 1914 936 1957 et
953 1903 1073 1969 Sabinus

132 2006 249 2068 putant:
273 2005 373 2052 et'noa
398 1989 596 2067 probamus;”
627 1997 698 2052 adda
723 1997 741 2057 Ι.
761 1998 805 2052 tr.
824 1997 847 2066 t.
867 1994 893 2049 5.
909 1997 936 2051 d.
955 1997 1017 2050 cod.
1050 1996 1071 2053 l.

131 2087 585 2158 aestuantissimi.
620 2091 639 2144 l.
656 2091 702 2147 30.
721 2093 747 2155 §-
763 2088 808 2145 20.
825 2086 888 2146 cod.
907 2086 930 2143 le
943 2083 987 2143 dl.
1006 2091 1032 2153 §.
1042 2084 1069 2141 9.

133 2178 199 2233 eod.
216 2178 239 2232 l·
256 2177 300 2232 51.
317 2179 366 2232 Pr.
382 2178 411 2233 li.
428 2189 448 2234 t.
1048 2222 1051 2230 .

56 2273 118 2339 ⁸2)
137 2268 162 2321 l.
181 2265 224 2322 13.
244 2269 270 2334 §-
287 2265 314 2319 4.
332 2267 368 2321 l).
385 2269 485 2345 delact.
503 2271 585 2325 emti:
612 2272 662 2337 „si
682 2269 810 2324 venditor
828 2268 933 2335 iecerit,
956 2277 989 2320 ut
1010 2285 1072 2323 rem

133 2357 228 2431 pluris
251 2357 389 2426 venderet,
404 2370 469 2432 puta
494 2363 528 2417 de
547 2362 666 2416 artificio
689 2363 825 2416 mentitus
841 2369 890 2417 aut
908 2358 941 2413 de
958 2359 1071 2429 peculio

133 2448 214 2517 emti,
224 2466 287 2504 eum
304 2440 405 2521 judicio
422 2456 520 2522 moeri,
530 2467 561 2509 ut
578 2463 731 2526 praestaret
742 2451 852 2516 emtori,
863 2448 1069 2525 quantopluris

130 2558 246 2599 servm
256 2542 375 2610 emisset,
391 2544 416 2597 si
432 2547 586 2616 peculiatus
605 2556 676 2601 esset
692 2547 736 2602 vel
752 2543 872 2600 artificio
889 2538 1069 2598 instructus.'⁰

127 2634 168 2692 cf.
192 2633 213 2687 l.
229 2634 257 2689 3.
283 2634 307 2702 ff.
325 2633 352 2692 5.
377 2636 439 2689 eod.
477 2637 495 2692 l.
513 2639 558 2694 23.
576 2640 625 2695 Pr.
645 2639 679 2693 de
697 2639 777 2693 edict.
795 2635 885 2695 sedit.
920 2635 1017 2689 Cicero
1035 2633 1069 2687 da

125 2723 203 2781 offic.
220 2727 280 2790 lll,
299 2726 343 2782 15.
371 2726 433 2781 vult
457 2747 492 2785 ax
515 2732 595 2786 omni
620 2734 675 2785 vita
694 2731 900 2786 simulationem
916 2726 1067 2783 tollendam

125 2834 206 2886 esse,-
223 2818 309 2893 idque
327 2822 358 2877 in
376 2823 462 2877 tutela
480 2822 628 2878 duodecim
644 2808 748 2894 tabulis
765 2823 966 2885 constitutum,
990 2819 1066 2891 quod

116 2900 191 2977 ,a'ina
211 2909 271 2980 lege
295 2911 326 2964 in
352 2915 449 2968 ceteris
471 2914 561 2969 bonae
580 2914 645 2969 fidei
668 2902 790 2985 judiciis.¹
822 2913 908 2966 Hisce
925 2911 1067 2981 eloquitur

120 3002 235 3057 verbis:
253 3003 383 3074 „Quodsi
398 3005 551 3077 Aquiliana
567 3006 692 3061 delinitio
711 3023 775 3060 vera
792 3013 843 3069 est,
860 3020 892 3056 ex
912 3003 991 3055 omni
1010 3002 1067 3054 vita

120 3094 270 3151 simulatio
296 3094 537 3171 dissimulatioque
560 3096 683 3153 tollenda
708 3107 758 3151 est.
793 3099 835 3150 lta
860 3110 928 3158 nec,
945 3101 978 3146 ut
994 3100 1068 3145 emat

99 3180 239 3252 'maliun
255 3203 308 3241 nec
325 3197 358 3242 ut
377 3188 485 3257 vendat,
503 3189 656 3262 quidquam
674 3187 826 3253 simulabit,
843 3194 891 3239 aut
907 3165 1067 3253 dissimula

121 3272 213 3331 bit
186 3296 230 3331 vir
247 3272 350 3334 bouus.
384 3284 479 3354 Atque
501 3283 554 3336 iste
579 3278 662 3335 dolus
680 3279 769 3335 malus
787 3278 872 3332 etiam
890 3274 996 3347 legibus
1009 3284 1069 3328 erat
1155 3306 1174 3337 ,ι

122 3368 319 3447 vindicatus,
311 3389 341 3425 ιιι
360 3373 446 3427 tutela
463 3371 613 3428 duodecim
630 3372 743 3434 tabulis,
762 3381 789 3425 et
806 3369 867 3423 sine
883 3367 1067 3440 lagejudiciis‚

119 3461 156 3515 in
181 3461 286 3532 quibus
309 3461 430 3530 additur,
456 3483 488 3520 ex
508 3464 565 3533 tide
586 3465 662 3518 bona
680 3463 806 3534 agitur.”
841 3459 958 3515 Tutelae
973 3469 1067 3515 autem
1160 3506 1166 3523 ,

10 3550 14 3561 ’
118 3553 266 3607 actionem
287 3552 379 3609 bonae
398 3554 463 3609 fidei
481 3574 549 3623 csse,
568 3556 640 3612 haud
658 3558 711 3609 erit
728 3553 860 3614 dubium
880 3558 907 3620 §.
922 3550 968 3606 28.
986 3550 1013 3606 J.
1032 3549 1066 3604 da

120 3645 233 3699 action.
268 3646 333 3699 Siue
351 3646 491 3702 dubioda
509 3667 541 3703 co
560 3661 686 3724 tempore
705 3646 886 3721 dictumest,
912 3660 970 3715 quo
992 3659 1066 3696 non-

122 3738 194 3790 dum
221 3735 311 3793 edicto
336 3738 471 3793 Aedititio
494 3748 527 3804 de
553 3740 610 3798 doli
635 3770 667 3809 ,c
684 3737 780 3811 culpae
798 3736 1073 3813 praestationem-113
1100 3788 1103 3793 ,

122 3835 277 3883 tumeret.
