2400 4328
315 124 667 214 ‘'63'-

11 334 16 342 “
57 332 202 418 possunt
216 321 266 386 :ab
286 319 359 400 his,
396 320 452 407 qui
477 315 591 400 judicis
613 315 712 385 dandi
730 322 783 399 jos
803 320 983 401 habeant.’'
1026 321 1076 392 Gt.

59 443 87 505 l.
110 435 164 505 80.
186 431 234 498 D.
257 428 333 496 eod.
368 432 429 511 „si
456 449 499 496 ax
521 432 735 498 conventione
755 431 955 513 litigatorum
975 434 1007 499 is
1025 439 1079 516 jo-

61 548 124 615 dex
138 541 297 623 adalim!
319 540 424 624 esset,v
446 563 523 607 eanu
544 561 626 624 asse,
650 539 691 605 de
712 562 777 629 qno
796 542 977 625 litigatores
1001 566 1079 615 sen-

57 661 172 729 serint.
180 655 206 692 ”
257 651 373 720 Plures
404 664 482 718 sunt
512 663 681 742 praeterea
713 653 810 751 loci,x
837 653 975 721 eandem
1006 677 1079 725 rem

57 770 331 860 comprobantem
360 774 394 828 at
420 764 502 829 istos
528 784 600 829 rem
624 765 826 851 propositam
853 766 1079 851 comprobasse

58 898 240 972 persuasus
259 896 355 961 sum:
376 894 521 962 eumque·
533 875 571 941 in
591 875 708 973 quovis
728 875 797 940 iere
816 874 913 940 titulo
922 872 1078 958 Digssto-
1158 894 1162 905 ·

62 1012 152 1070 rum,
172 1007 308 1054 necnon
318 983 561 1089 Codioiqmulta
575 985 764 1050 testimonia
776 983 893 1051 sintda
912 984 1019 1067 judica
1039 1010 1077 1053 aa

64 1100 173 1183 judice
180 1095 337 1187 pedaneo,
346 1090 684 1187 inutileputidumque
693 1098 789 1179 foret,
798 1097 943 1164 locorum
951 1097 1078 1185 copiam

71 1226 247 1294 coaptare.
289 1206 405 1297 Atque
435 1228 493 1299 eos
516 1207 606 1271 locos
622 1216 747 1277 temere
764 1205 1077 1294 adscfiptosesaea

72 1321 281 1389 moenum
287 1318 562 1409 compilatoribus,
576 1316 948 1400 ramaamobliteratem
957 1321 1077 1386 merito

67 1445 130 1512 aa,
152 1430 244 1520 quoa
264 1412 462 1499 amamus.
511 1426 624 1493 uuam
649 1429 737 1493 aaa
759 1425 886 1494 cauas
906 1442 958 1494 aa
976 1420 1077 1497 auru

63 1545 103 1613 aa
120 1522 286 1628 sanaim
301 1539 462 1630 petraea
478 1538 627 1605 masaa
647 1552 725 1622 ‚aaa
746 1537 803 1625 (1,
824 1537 1021 1625 ss-ss.),
1042 1555 1099 1615 a,

61 1657 103 1725 tle
120 1658 165 1722 iis
184 1663 388 1720 memorator
412 1651 450 1716 in
469 1649 617 1716 Novellis
644 1670 801 1739 persaepe
829 1650 895 1736 (ef.
924 1649 1076 1738 inprimis

27 1768 151 1835 at-Nov.
172 1762 271 1849 8203
289 1764 498 1852 perspicuum
519 1760 608 1827 enim
628 1758 704 1826 inde
726 1772 776 1826 sat
793 1763 866 1841 erit,
885 1740 1076 1834 fausti-anos

32 1906 36 1913 ·
61 1877 229 1955 inscitiam
255 1874 517 1963 compilatoribus
547 1875 771 1960 exprobrasse.
829 1871 942 1961 Neque
972 1889 1077 1943 restat
1157 1908 1160 1912 ·

60 1989 238 2080 explicatio
258 1983 303 2072 (si
315 1986 415 2074 paulo
431 1984 608 2049 aoctuatius
622 2005 694 2050 rem
712 1979 931 2071 inquirimus),
953 1987 1076 2076 quippe

43 2104 125 2169 laos
144 2099 280 2167 nomina
299 2098 509 2178 magistratus
529 2117 618 2160 nuno
638 2095 741 2163 dietus
770 2117 853 2161 esse.
905 2094 981 2162 Non
1000 2102 1075 2185 qui-

60 2210 146 2275 dem
164 2228 271 2288 nego,
302 2206 505 2285 magistratus
525 2219 559 2272 et
584 2206 708 2290 judicas
728 2217 878 2285 vocatos,
916 2218 952 2272 et
971 2212 1011 2274 ab
1030 2212 1075 2278 iis

62 2318 267 2403 judicatum
306 2325 411 2381 contra
425 2317 576 2407 *amdam
603 2339 675 2384 rem
702 2317 950 2413 quamplurimis
979 2342 1075 2404 argu.

58 2429 189 2499 mentis
200 2429 286 2492 infra
300 2426 483 2514 affirmab03
504 2441 649 2495 attamen
661 2427 875 2505 sertiasimum
894 2440 955 2513 est,
977 2432 1077 2500 hosce

57 2567 83 2611 a
102 2539 265 2631 pedaneis,
289 2536 449 2620 judicibus
477 2541 576 2624 longe
604 2537 744 2619 distare,
780 2561 855 2606 cum
880 2542 922 2607 ab
947 2543 1016 2610 illis
1036 2547 1086 2615 bi·

52 2654 303 2736 distinguantur
323 2650 405 2717 locis
426 2673 524 2741 quam
546 2651 717 2718 uberrimis
740 2663 783 2716 et
810 2652 1074 2741 expeditissimis.

40 2764 131 2860 ¹Res
152 2774 261 2829 autem
280 2760 355 2849 ipsa
376 2783 452 2827 cum
470 2765 598 2848 longior
618 2765 677 2846 sit,
699 2784 797 2850 quam
816 2764 879 2831 hoc
898 2767 970 2833 loco
990 2780 1073 2835 trae·

56 2883 134 2937 tare
160 2892 297 2961 queam,
335 2894 411 2939 eam
437 2876 475 2939 iu
503 2877 636 2943 tertiam
654 2886 780 2963 partem
798 2876 904 2941 libelli
924 2873 1075 2961 rejicies·
1116 2878 1119 2885 '

57 2981 141 3049 dam
159 2983 274 3070 putavi
297 2979 347 3067 ι).
391 2983 460 3052 Nec
479 2987 585 3053 ullum
605 2986 708 3055 alium
727 2985 913 3052 invenimus
932 2985 1075 3070 judicem

35 3090 153 3179 'apud
170 3093 355 3174 Romanos,
379 3093 421 3163 de
443 3119 508 3184 quo
530 3095 652 3187 dictum
671 3096 832 3176 velimus,
855 3106 890 3160 et
908 3095 1017 3185 priori,
1040 3088 1090 3164 et

59 3204 233 3289 posteriori
252 3216 420 3293 tempore,
450 3228 550 3295 quam
569 3207 774 3297 pedaneum
815 3207 871 3293 qui
899 3206 936 3273 in
957 3204 1074 3275 officiis

54 3309 306 3393 meginratuum
327 3330 500 3404 operantes
528 3331 638 3400 erant,
668 3317 909 3401 magistratibus
940 3297 1074 3386 aderant

52 3425 98 3490 in
117 3421 234 3489 litibus
254 3416 487 3508 dijudicandis:
517 3428 560 3498 tle
580 3433 696 3518 quibus
715 3433 797 3497 haas
817 3431 974 3501 haetenus
995 3453 1075 3503 oon·

51 3552 235 3620 gwrmua
330 3566 334 3573 ·

45 3884 91 3955 a)
119 3877 176 3938 ct.
191 3884 451 3958 qnmdieentors.
467 3884 516 3947 25.
533 3884 622 3962 hujus
638 3885 735 3949 libelli.
836 3956 838 3962 ,
885 3842 891 3883 j
