2400 4328
521 154 562 177 --
603 124 671 189 242
695 164 754 219 ,-

232 307 385 391 Quodsi
414 312 608 370 statuemus,
643 295 881 359 centummahs
909 292 1026 372 Judrclr
1058 297 1152 360 tuisse

149 428 253 515 primo
275 431 420 499 tempore
441 389 682 483 necessitatem,
712 423 848 491 eamque
868 407 1073 471 remansisse
1094 426 1152 471 nor

149 536 301 627 posthac,
334 537 367 587 et
395 522 528 583 omnino
558 517 752 580 testimoniis
786 513 933 579 destituti
957 516 1104 596 erimus,
1125 530 1153 579 et

151 655 258 709 contra
280 646 422 723 apertam
442 626 586 691 locorum
604 620 705 690 'fidem
727 625 973 713 disputabimus.
1024 625 1154 703 Dictum

151 767 200 820 est
221 751 308 815 euim
335 768 353 808 s
376 741 612 824 Quinctiliano,
642 759 694 801 res
723 738 845 799 nullius
865 738 965 824 pretii
984 736 1156 825 futilesque

75 897 81 906 ·
151 870 188 937 in
215 853 437 926 centumvirali
467 850 585 930 judicio
616 860 717 927 actas,
761 858 794 911 et
820 850 867 910 ita
889 850 1056 929 negligere
1076 842 1156 913 haec

151 973 269 1059 judicia
289 967 402 1032 solitos
419 942 582 1047 oratores,
611 971 648 1021 ut
675 980 733 1022 suo
762 958 866 1022 adhuc
895 971 1044 1045 tempore
1064 982 1156 1025 nemo

115 1134 120 1159 ‚.
152 1090 257 1151 bonus
287 1087 394 1141 orator
426 1090 568 1157 unquam
599 1070 732 1151 dignum
759 1070 922 1155 putaverit
950 1094 1025 1138 rem
1056 1094 1158 1138 coram

156 1190 362 1261 centumviris
384 1200 551 1271 perorare,
575 1192 632 1243 aut
651 1180 788 1243 scribere
809 1183 989 1255 orationes,
1013 1184 1158 1269 quesibi

155 1306 330 1375 habuisset.
374 1293 495 1360 Omnia
516 1288 698 1354 adhucdum
719 1292 775 1353 vel
797 1289 1000 1369 Praetorem,
1027 1296 1085 1357 vel
1112 1298 1159 1375 ju·

51 1405 57 1416 .
157 1420 261 1482 dicem
280 1409 452 1497 perfecisse
473 1401 663 1488 pedaneum,
682 1400 788 1485 iisque
809 1412 992 1485 pefflmmm
1013 1406 1055 1466 ab
1079 1405 1160 1492 opfi-

156 1531 220 1595 mis
242 1524 419 1611 quibusque
441 1512 627 1578 oratoribus.
671 1508 844 1598 Scripsisse
865 1512 1017 1575 exomni
1031 1534 1162 1579 memo·

155 1645 203 1709 ria
233 1644 393 1707 aetatum,
421 1636 623 1711 temporum,
654 1623 821 1687 civitatum
847 1620 1016 1701 Asinium,
1049 1592 1163 1689 nescio

98 1779 102 1785 ·
157 1745 265 1839 quem,
286 1741 467 1809 Pollionem
487 1735 621 1796 unicum
636 1735 886 1797 centumvitales
906 1732 1080 1813 orationes,
1103 1752 1162 1821 pru

76 1896 85 1920 ,
157 1854 349 1929 haeredibus
370 1844 521 1910 Urbiniae
540 1840 688 1913 habitas:
716 1843 758 1908 de
777 1828 909 1929 qao'sic
929 1852 981 1907 est
999 1844 1036 1907 in
1057 1841 1161 1910 dialo-

159 1993 200 2053 go
223 1961 308 2051 apud
327 1952 475 2021 Tacitum
497 1951 570 2037 Π);
679 1974 684 1981 ·

201 2076 359 2158 „Primus
388 2066 486 2130 tertio
508 2064 671 2127 consulatu
693 2058 752 2127 Cn.
773 2045 948 2148 Pompeius
971 2059 1160 2141 adstrinxit,

200 2185 417 2276 imposuitque
436 2172 539 2238 veluti
559 2177 668 2239 frenos
689 2172 901 2258 eloquentiae,
922 2144 1115 2252 itatem‘en,
1131 2184 1162 2237 ut

202 2299 311 2363 omnia
329 2293 367 2355 in
386 2291 478 2367 foro,
510 2286 622 2348 omnia
653 2285 690 2349 in
721 2284 848 2363 legibus
882 2279 966 2369 apud
992 2280 1160 2347 Praetores

203 2416 391 2492 agerentur:
406 2418 409 2423 ·
422 2392 510 2483 apud
536 2414 617 2481 quos
637 2396 766 2479 'quanto
778 2392 780 2397 ’
793 2396 914 2472 majora
936 2395 1066 2475 negotia
1088 2395 1162 2458 olim

204 2517 345 2587 exerceri
371 2490 464 2575 solita
496 2514 589 2580 sunt,
620 2501 705 2587 quud
733 2508 837 2586 majus
859 2482 1086 2585 argumentum
1107 2516 1161 2583 est,

189 2613 300 2715 ‚quarn
320 2618 407 2708 quud
434 2633 548 2678 causae
575 2615 844 2693 centumvitales,
874 2588 955 2699 quae
984 2638 1072 2679 nunc
1093 2619 1165 2703 pri·

179 2740 296 2800 'mum
321 2730 467 2794 obtinent
486 2725 595 2790 locum
618 2718 690 2805 ¹²),
724 2722 805 2787 adeo
833 2723 1004 2811 splendore
1029 2728 1164 2794 afiorum

101 2999 103 3004 '
167 3002 215 3069 ¹¹)
233 2997 301 3068 ce-
318 2992 362 3049 38·

165 3096 215 3158 ¹²)
234 3086 333 3145 llerbir
357 3093 456 3146 „nunc
474 3076 599 3148 primum
616 3077 747 3131 obtinent
763 3056 889 3137 locum'··
911 3092 981 3148 qure
1007 3075 1078 3129 insit
1106 3094 1164 3132 rer·

231 3178 335 3253 tentis,
362 3170 480 3227 dubium
503 3184 563 3221 nan
586 3177 640 3223 est.
665 3193 709 3241 -ι
725 3166 945 3225 Centumrr'rslie
968 3165 1045 3220 enirn
1068 3160 1163 3237 judicie

217 3268 351 3327 'aucturis
367 3268 455 3319 aetate
471 3259 570 3313 ceteris
586 3256 794 3328 antecelluisse,
823 3258 870 3315 vel
886 3258 973 3329 longe
987 3259 1163 3330 praestitisse,

99 3344 101 3349 ¹
142 3409 145 3415 .
180 3369 183 3375 ’
230 3361 307 3431 qnod
329 3374 363 3409 ex
387 3353 443 3409 noe
464 3348 527 3403 loco
552 3365 679 3413 erueres,
707 3348 805 3405 nullus
825 3352 898 3407 elius
916 3350 970 3405 sert
986 3349 1080 3405 locus.
1116 3349 1162 3404 Ne·

229 3468 284 3521 que
295 3448 386 3512 uideo,
402 3458 539 3514 quarum
554 3440 628 3494 ratio
644 3438 692 3505 sit,
707 3459 763 3512 qua
779 3460 907 3515 uuquam
920 3440 1024 3512 indicia
1041 3451 1164 3495 centnm·

229 3541 356 3595 uirorum
373 3534 472 3591 ceteris
487 3531 647 3586 rrrtecedere
663 3527 818 3605 potuerint,
836 3520 893 3605 qne
910 3534 1079 3604 comparari,
1097 3548 1164 3605 quse

207 3636 374 3702 ¹'tantopere
390 3622 555 3681 differebant
570 3623 644 3677 inter
659 3640 700 3679 re·
715 3624 753 3679 At
762 3634 837 3679 certe
853 3642 939 3681 nemo
956 3624 1066 3690 dixerit,
1083 3624 1163 3696 plura

201 3786 205 3795 Ι
227 3722 337 3793 negotia
351 3729 413 3775 tum
429 3713 611 3770 centumviris
628 3712 692 3769 data
709 3732 784 3781 esce,
808 3734 895 3788 quam
913 3716 1010 3773 ueteris
1030 3714 1162 3771 omnibus

225 3810 373 3882 judicibus.
408 3810 547 3881 Quocirca
563 3806 692 3879 equidem
709 3804 805 3860 nullm
822 3806 937 3869 dubito,
963 3806 1033 3876 quin
1062 3808 1103 3861 ite
1119 3807 1162 3860 in·

215 3904 365 3976 term-euri
386 3902 552 3967 debeamus,
571 3897 674 3970 judicia
698 3899 934 3968 murmuratis,
955 3897 1064 3969 quippe
1088 3914 1158 3969 qnae
