2406 4328
540 182 687 244 -262
731 212 770 227 -

245 354 355 423 Posits
374 360 482 415 autem
510 360 578 414 erut
598 350 690 413 husto
709 359 742 411 et
762 346 799 411 in
820 346 1050 433 auctionibus,
1071 352 1154 419 otu

162 464 280 551 judicio
307 462 540 529 centumvirali.
582 458 696 546 Neque
723 456 764 521 de
792 460 1033 540 significatione
1062 466 1154 530 nusae

164 596 293 665 prorsus
321 570 435 637 eadem
457 572 625 659 utrobique
645 568 841 634 dubitamus.
884 570 1090 654 Agitedum!
1118 578 1154 641 ui·

163 686 295 749 dumus
318 683 359 747 de
381 695 489 749 nostra
510 704 545 747 re
565 675 766 769 explicanda.
788 710 831 729 ·-
858 678 910 745 Na
933 674 1063 749 niultar
1093 688 1155 751 bar-

162 805 231 857 tam
257 794 357 875 igitur
388 794 479 857 illam
512 813 584 857 esse
614 788 765 877 equidem
784 789 821 853 in
844 791 1054 861 auctionibus
1075 796 1155 861 alien

160 924 265 986 nego,
297 881 394 989 quam
422 906 458 971 in
485 902 755 967 centumuirorum
783 899 920 981 judiciis.
976 904 1154 973 Persuasum

152 1016 244 1081 -mihi
272 1016 396 1095 habeo,
426 1017 555 1079 hastam
582 1013 846 1076 centumuiralem
865 1014 971 1079 fuisse
993 1036 1091 1095 eum,
1117 1020 1154 1083 ut

160 1127 351 1206 subjicerent
371 1124 514 1193 Romani
542 1145 592 1188 res
621 1124 747 1209 publice
767 1123 1038 1201 venundandas:
1069 1128 1153 1215 quod

153 1257 224 1323 ¹que
241 1234 333 1303 unde
351 1238 446 1325 sequi
465 1246 597 1323 putem,
630 1234 810 1299 universim
838 1244 872 1297 et
890 1236 1041 1303 breuiter
1060 1240 1154 1327 prelo

161 1367 259 1435 quar,
290 1354 327 1409 ut
352 1347 457 1433 ipsam
484 1368 552 1411 rem
582 1343 755 1408 stabilium.
796 1343 862 1411 Eos
884 1346 978 1413 euim'
997 1346 1072 1413 dico
1093 1370 1155 1439 prs·

160 1458 233 1542 prie
254 1458 477 1535 centumuiros,
502 1475 641 1543 quorum
659 1456 844 1521 auctoritate
864 1446 1090 1545 respublicae
1110 1478 1156 1524 re

154 1586 241 1631 :num
261 1567 361 1631 ibant.
405 1566 582 1631 Arretiunee
610 1584 689 1629 uero
715 1566 790 1628 illus
820 1566 948 1651 publicu
975 1570 1158 1631 sonoritate

155 1675 272 1741 haberi
292 1674 452 1756 debuisse,
476 1676 611 1760 quilibet
630 1695 688 1760 per
709 1696 745 1738 se
759 1673 924 1757 intelliget
947 1670 1012 1759 ⁸⁸).
1035 1674 1160 1741 Eadem

154 1787 249 1851 enim
271 1786 467 1851 consuetudo
487 1787 542 1851 uel
563 1784 650 1872 apud
669 1804 730 1847 nos
750 1793 821 1863 est,
850 1787 907 1849 uel
932 1784 1021 1873 apud
1040 1788 1159 1877 pleros·

159 1915 223 1979 que
251 1897 348 1973 hujus
376 1898 532 1982 temporis
559 1896 708 1981 populos.
752 1890 795 1956 Et
807 1898 1030 1961 centumuiros
1052 1902 1158 1989 populi

155 2004 260 2069 ¹totius
281 2006 503 2069 auctoritatem
522 2026 600 2090 prae
621 2026 658 2069 se
677 2003 810 2085 tulisse,
838 2024 907 2069 cum
927 2006 1029 2071 totius
1048 2010 1158 2097 populi

158 2126 269 2185 esseut
290 2112 393 2191 electi,
415 2136 435 2177 o
455 2112 597 2179 tribuum
615 2134 752 2181 numero
773 2126 806 2179 st
823 2112 988 2195 suffragiis,
1009 2118 1082 2195 ism
1103 2142 1160 2186 ns·

160 2227 243 2293 mini
263 2222 396 2291 dubium
416 2245 488 2291 esse
509 2235 626 2312 potest.
669 2224 765 2297 Alios
787 2246 863 2289 uero
880 2224 986 2303 uiros,
1008 2228 1070 2313 qui
1091 2250 1157 2295 auo·

160 2337 301 2401 tionibus
330 2335 545 2423 praefuerint,
590 2338 689 2399 lectos
713 2336 819 2401 fuisse
845 2330 933 2422 apu'd
955 2338 1157 2405 -neminerns

153 2448 321 2529 ueteribus
360 2446 566 2535 scriptoribus
602 2446 688 2527 legi:
732 2466 838 2531 noque
869 2462 1070 2535 quemquam
1101 2450 1155 2515 sris

154 2567 347 2625 nostrorum
360 2556 408 2627 de
428 2577 468 2621 ee
488 2578 523 2620 re
543 2552 744 2623 tradentem:
774 2566 883 2621 tamen
903 2573 985 2619 uero
1007 2559 1156 2625 aucfioni·

159 2670 220 2735 bus
239 2665 374 2735 debebat
395 2665 588 2751 praesideri,
613 2687 673 2731 nec
693 2688 797 2747 uuus,
818 2666 873 2729 uel
893 2666 977 2727 alter
995 2670 1157 2752 magistre

160 2785 255 2839 tuum
284 2773 430 2839 sufficere
455 2784 582 2863 poterat
613 2774 654 2839 ad
674 2776 752 2839 talia
773 2786 904 2861 tamque
923 2794 1046 2857 magna
1067 2798 1156 2865 negu-

159 2882 205 2944 tie
225 2880 418 2967 peragenda,
441 2882 497 2947 sed
517 2886 626 2971 plures
647 2888 724 2967 eligi
744 2864 927 2971 oportebat,
950 2906 1045 2970 quos,
1067 2891 1155 2953 sisa·

159 2992 287 3057 tionem
323 2995 596 3060 centumuirorum
636 2998 797 3081 negliges,
843 3014 909 3059 non
945 2996 1092 3064 habebis.
1122 3022 1156 3045 -·

162 3103 317 3183 Quocirca
338 3112 417 3195 puto
438 3106 655 3170 centumuiros
677 3129 742 3170 non
764 3107 866 3187 telas,
897 3104 1010 3191 quales
1041 3102 1156 3195 propris

164 3366 218 3433 ¹¹)
236 3362 322 3419 Haud
338 3366 502 3427 temerarius
518 3367 589 3425 mibi
606 3368 715 3432 videor,
745 3370 769 3423 si
787 3370 821 3425 ab
839 3368 893 3421 boc
911 3366 1008 3422 bastae
1025 3384 1082 3424 usu
1096 3358 1158 3439 apul

232 3454 378 3509 Romanor
394 3472 490 3513 uocem
508 3457 645 3527 derivem,
662 3476 731 3531 quae
748 3469 790 3515 est
807 3470 903 3513 nostra
921 3456 1033 3527 linguat
1062 3454 1160 3529 „Sub-

233 3544 511 3606 hastatibnen.”
545 3550 580 3606 ln
597 3550 747 3607 Germanis
766 3552 842 3606 enim
859 3548 954 3605 nullus
971 3558 1034 3603 erat
1051 3560 1162 3623 unque!

232 3636 297 3692 talis
321 3636 352 3691 io
375 3638 550 3695 anfionibm
574 3642 668 3697 bastae
691 3659 769 3697 usus.
805 3640 935 3697 Occurrit
958 3640 1047 3695 etism
1071 3658 1104 3697 ee
1117 3652 1163 3695 rut

231 3727 263 3781 in
279 3729 341 3799 jure
356 3728 500 3795 Romanor
522 3730 560 3786 ci.
577 3734 596 3791 Ι.
613 3733 657 3790 16.
674 3733 707 3788 C.
726 3734 760 3789 de
776 3730 896 3787 rescind.
916 3730 1045 3799 sunsit..
1060 3732 1110 3789 nbi
1125 3728 1163 3785 lu·

233 3818 301 3873 broz
320 3834 396 3884 „nec
413 3820 467 3876 sub
484 3824 599 3878 nomine
616 3824 834 3883 subhastationis
852 3820 981 3895 publicae
998 3822 1085 3881 locus
1100 3822 1163 3879 tou

233 3909 316 3963 dibus
334 3908 546 3981 relinquatur.”
