2400 4328
400 164 683 235 '-·.-61-·

661 266 679 307 o

59 351 148 420 bitur
166 347 279 436 potius
301 342 343 406 da
363 342 616 424 cognitionibus,
641 359 886 428 nonnumquam
905 342 1072 428 quidenna

61 458 309 547 magistratibus
330 450 548 540 suscipiendis,
567 462 604 515 ut
618 453 717 515 verba
740 463 833 531 extr
840 473 858 515 a
881 452 1072 521 ordinem

52 552 124 640 'non
145 567 191 635 ad
208 562 332 655 judicis
354 560 451 627 dandi
477 561 741 651 consuetudinem
761 562 974 647 pertrahendo
995 569 1072 646 sint,

56 681 115 751 ssd
133 678 307 745 adrerum
327 674 551 755 insolitarum,
566 673 606 738 de
627 674 742 760 quibus
760 673 807 735 ibi
825 674 946 754 agitur,
964 687 1073 739 extra-

57 789 261 860 ordinariam
283 785 452 850 rationem.
496 785 535 849 Id
563 786 654 849 enim
678 784 799 865 legenti
826 784 909 848 mihi
938 788 1073 853 titulum

58 909 188 971 iterum
206 900 400 983 iterumque.
418 895 625 960 statuendum
644 892 796 975 videtur,
822 906 860 974 ut
883 897 931 960 ita
955 902 1094 967 merito.

64 1015 243 1090 affirmem
271 1029 342 1072 rem
362 1008 409 1070 ibi
432 1007 550 1073 dictam
575 1008 675 1091 longe
699 1006 902 1092 multumque
922 1007 1074 1088 ajudieis
1143 1064 1146 1070 .

68 1106 195 1188 datione
214 1118 406 1206 discrepare.
449 1113 500 1182 Ne
519 1118 685 1182 tamenin
706 1117 768 1181 hoc
788 1116 916 1199 longior
935 1118 1008 1200 sim,
1031 1120 1073 1186 ad

70 1234 200 1309 meram
224 1250 298 1295 rem
328 1224 581 1317 progrediamur.
622 1222 719 1291 Haud
739 1226 828 1291 enim
858 1225 962 1293 obstat
982 1232 1072 1298 locus

67 1344 122 1426 iiie
138 1340 388 1435 Institutionum
416 1340 546 1420 citatus,
579 1320 644 1424 duo
677 1321 787 1404 minus
815 1338 852 1403 in
878 1343 1073 1409 sententiam

53 1455 158 1537 ‚ionga
180 1452 281 1516 aliam
303 1452 475 1535 abeamus3
499 1450 688 1513 contrariam
719 1452 808 1516 euim
836 1469 907 1515 rem
936 1469 1073 1538 persna-
1168 1471 1170 1475 ·

62 1562 139 1649 deat
150 1564 255 1641 locus,
275 1555 316 1622 ad
330 1568 478 1624 nostrum
493 1554 774 1647 'interpretandum
789 1560 1071 1644 summeidonaos,

59 1677 121 1764 qui
151 1670 341 1736 adscribitur
371 1669 446 1751 lege
466 1668 519 1736 47.
543 1673 568 1755 b.
597 1668 628 1735 1.
658 1668 701 1737 D.
726 1669 766 1737 de
792 1670 930 1754 negotiis
959 1674 1070 1755 gestis,

55 1786 125 1852 ‚ubi
144 1784 228 1878 haec
247 1780 339 1853 sunt:
371 1776 376 1785 '

106 1965 201 2032 „nec
219 1944 320 2010 refert
340 1939 461 2007 directa
482 1944 564 2030 quis,
589 1963 632 2007 an
652 1945 727 2037 utili
748 1926 874 2013 actione
896 1944 1072 2015 convenia-

106 2067 172 2137 tur,
196 2075 272 2120 cum
291 2056 329 2119 in
353 2052 616 2121 extraordinariis
643 2054 785 2139 iudiciis,
816 2059 873 2122 ubi
905 2039 1072 2147 conceptio

107 2168 324 2230 formularum
344 2187 411 2241 non
431 2167 633 2249 observatur,
664 2169 746 2232 haec
773 2158 937 2234 subtilitas
957 2191 1075 2257 super··

112 2290 217 2338 vacua
244 2272 319 2339 sit.”

501 2394 512 2429 ,
922 2400 925 2407 .

64 2531 69 2539 ⁸
152 2446 310 2516 'Meminit
330 2430 437 2519 auctor
457 2452 499 2521 de
524 2455 649 2537 judiciis
678 2450 960 2533 extraordinariis,
992 2472 1074 2538 quo·

33 2548 318 2630 .rum·rationem
336 2549 543 2650 ambigimus.
598 2570 770 2658 Perspicua
790 2566 910 2632 dictum
940 2574 1008 2643 est,
1023 2582 1073 2627 ea

57 2655 137 2740 esse
158 2673 410 2742 extraordinaria
428 2676 564 2759 judicia,
593 2677 630 2742 in
651 2681 766 2765 quibus
787 2679 1000 2744 formularum
1019 2695 1074 2740 ra·

57 2784 112 2847 tio
134 2779 280 2850 deesset:
316 2777 709 2875 itaque'concludendum
738 2802 805 2871 est,
835 2792 880 2855 si·
893 2788 935 2853 ad
964 2790 1073 2873 locum

56 2890 172 2958 lostit.
196 2894 249 2957 cit
271 2899 479 2984 respicimus,
501 2913 573 2966 tum
594 2903 703 2966 omnia
721 2899 838 2983 judicia
858 2901 930 2964 sine
947 2899 1073 2965 sormu-

57 3003 104 3068 lis
141 3003 252 3070 fuisse.
302 3007 411 3098 Atque
446 2989 604 3076 formulas
633 3014 812 3078 novissimo
839 3021 986 3095 tempore
1015 3009 1074 3091 ab·
1162 3032 1168 3045 κ

56 3115 165 3179 finisse
186 3115 306 3183 scimus
328 3142 452 3204 omnes,
476 3133 508 3185 et
529 3142 549 3186 a
569 3144 624 3187 me
645 3127 711 3204 jam
732 3142 829 3210 supra
858 3118 980 3185 diuum
1009 3128 1071 3181 est.

63 3219 144 3302 Qua
162 3226 286 3305 ratione
305 3231 378 3295 loc'o
399 3228 508 3300 Instit.
539 3236 635 3298 citato
665 3233 750 3298 nihil
778 3233 955 3306 habemus,
987 3226 1074 3316 quod
1177 3257 1182 3266 ·

60 3332 182 3400 mirum
202 3339 265 3422 sit3
287 3340 372 3405 nihil
395 3344 484 3408 enim
505 3328 803 3436 exhibuit'auctor,
837 3342 901 3407 nisi
921 3360 993 3405 rem
1013 3338 1074 3405 Ju-

40 3445 196 3514 ,stiniani
217 3447 349 3534 quidem
369 3463 517 3539 tempore
538 3454 726 3520 consuetam
739 3464 772 3517 et
793 3453 963 3536 cognitam,
985 3451 1076 3517 scili-
1125 3499 1132 3520 .

41 3566 110 3621 cet
130 3559 275 3657 priorem
294 3559 488 3641 judiciorum
513 3567 673 3631 rationem
694 3587 762 3642 non
788 3542 993 3644 remansisse,
1016 3558 1076 3630 sed

10 3722 14 3731 .
43 3678 152 3732 -extra
182 3668 332 3735 ordinem
359 3675 533 3740 formulam
562 3698 630 3741 non
658 3676 778 3758 datam,
802 3696 938 3762 eamque
954 3759 957 3767 ἢ
971 3663 1075 3738 ratio·
1105 3701 1110 3713 ·
1155 3658 1158 3665 ¹

56 3788 142 3869 nem*
158 3774 196 3843 i'n
218 3784 367 3848 omnibus
388 3783 517 3864 judiciis
534 3790 710 3854 obtinuisse
725 3788 908 3852 novissimo
927 3794 1075 3870 tempore
1115 3818 1120 3829 =
1173 3854 1176 3864 ,

51 3882 125 3952 Hae
149 3900 261 3955 autam
282 3895 410 3960 ratione
428 3896 466 3960 in
484 3918 521 3963 re
553 3886 662 3966 omnia
691 3911 766 3965 sunt
794 3893 979 3984 perspicua,
1013 3914 1074 3958 ¹¹⁹0
1110 3957 1118 3978 s
