2400 4328
498 173 735 237 ..00-

117 357 264 433 tempore
285 364 416 431 prorsus
437 344 523 406 nulli
535 354 654 411 essent.
696 345 763 413 Nec
777 347 919 433 priorem
928 342 1130 429 judiciorum

117 456 264 523 ordinem
284 454 477 518 remansisse
505 450 721 535 contendunt,
757 455 816 521 sed
850 469 942 522 extra
970 457 1129 527 ordinem

115 568 300 635 Praetorem
321 575 508 651 ceterosque
527 566 733 648 magistratus
760 569 947 651 cognovisse
973 591 1067 654 rem,
1091 587 1128 640 et

115 677 318 759 dijudicasse.
357 674 569 740 Enitebantur
590 679 685 741 unice
711 680 781 742 fere
802 682 828 761 t.
849 680 961 743 ultima
982 678 1126 751 Institu—

114 793 242 856 tionum
263 787 304 852 de
323 784 513 865 interdictis,
535 787 592 850 ubi
612 788 692 850 haec
713 786 797 851 dicta
818 800 913 853 suut:

98 972 102 979 ¹
155 921 258 980 „uam
279 909 371 963 extre
392 895 540 961 ordinem
560 901 611 978 jus
633 895 765 977 dicitur,
794 901 901 985 qualia
923 911 1000 965 eunt
1020 899 1123 968 hodie

41 1070 49 1082 ,
86 1068 91 1073 ,
111 1008 266 1077 'omnia
285 1005 436 1091 judicia?

193 1119 234 1187 In
247 1120 357 1186 verbis
377 1128 494 1203 „extra
508 1114 676 1182 ordinem”
701 1116 806 1184 nodus
832 1120 895 1183 erit
903 1142 1052 1208 q,uem
1049 1127 1121 1191 sols

110 1230 254 1298 rendum
272 1229 541 1316 interpretatione
559 1229 762 1295 habebimus.
804 1227 932 1295 Titulus
953 1230 1118 1316 Digestor.

111 1340 389 1408 decimus'tertius
411 1342 450 1405 in
470 1342 555 1404 libro
575 1340 841 1427 quinquagesimo
863 1341 1047 1408 inscribitur
1076 1345 1119 1412 de

73 1456 86 1472 “
110 1451 395 1534 „extraordinariis
425 1451 700 1535 cognitionibus,’‘
730 1463 827 1537 atque
848 1451 934 1535 inde,
964 1477 1033 1519 non
1051 1456 1114 1520 du·
1147 1448 1152 1455 ’

110 1567 265 1643 bitarunt,
288 1565 398 1627 locum
418 1573 568 1625 nosmum
598 1559 826 1654 explicandum
855 1583 935 1628 esse.
979 1564 1117 1653 Dictum

108 1667 340 1764 putabantin
327 1674 422 1736 titulo
432 1674 581 1754 allegato
602 1668 686 1734 de''
663 1693 704 1734 us
724 1674 819 1737 rebus
837 1694 919 1752 esse,
935 1696 1030 1760 quae,
1046 1702 1116 1744 non

108 1787 184 1852 dato
203 1785 318 1868 judice,
342 1806 361 1846 a
381 1783 617 1866 magistratibus
635 1767 904 1865 dijudicarentur,
926 1798 1002 1849 onte
1023 1792 1117 1853 enim

107 1897 221 1975 ordine
240 1896 382 1979 judicem
400 1896 600 1977 litigantibus
622 1890 743 1970 datum,
766 1893 859 1954 certis
879 1906 988 1978 patere
1018 1902 1116 1963 testi-

102 2011 236 2075 moniis,
286 2009 353 2074 Nec
389 2004 604 2079 dissidebant,
643 2002 722 2085 quin
750 1999 927 2062 novissimo
959 2002 1118 2093 tempore

106 2131 234 2217 tantum
254 2142 273 2182 s
294 2120 446 2186 Praetore
468 2126 502 2176 et
519 2110 634 2174 ceteris
646 2111 883 2192 magittratibus
897 2109 1120 2188 dijudicatum

106 2253 179 2297 esse
190 2212 361 2320 putarent·
385 2247 469 2290 nunc
483 2236 591 2288 autem
608 2241 762 2307 consequi
751 2206 892 2284 debere
894 2219 1039 2301 ,judices
1049 2248 1118 2313 pe.

104 2340 265 2409 daneos
253 2368 290 2408 ιιι
323 2342 435 2405 litibus
464 2358 531 2402 non
556 2339 623 2418 jam
651 2333 830 2414 adhibitos,
861 2345 895 2397 et
924 2334 1011 2398 locos
1041 2360 1112 2421 cos,

88 2452 142 2565 'in
163 2455 277 2540 quibus
306 2450 501 2517 exhibeatur
528 2444 568 2509 de
597 2419 744 2533 peddneo
770 2445 893 2524 judice,
926 2457 959 2509 et
986 2448 1114 2528 injuste

19 2562 22 2567 ’
79 2638 82 2644 ,
102 2584 176 2628 esse
187 2575 220 2627 et
226 2563 396 2628 temeraria
406 2555 674 2645 compilatorum
663 2555 789 2618 inscitia
801 2553 953 2637 Digestis,
968 2579 1027 2621 nec
1041 2583 1109 2626 nou

104 2672 216 2739 Codici
248 2673 441 2756 adscriptos;
473 2661 534 2730 'aut
563 2667 695 2729 nomine
724 2665 863 2752 pedanei
889 2666 1002 2747 judicis
1030 2683 1112 2739 tunc
1148 2751 1151 2758 ι

17 2852 20 2857 ,
100 2783 259 2870 temporis
284 2783 381 2866 longe
403 2776 482 2841 alios
504 2775 624 2851 dictos,
642 2797 740 2863 quam
760 2780 877 2864 priori3
900 2781 1110 2865 magistratus

72 2891 75 2898 '
103 2882 224 2984 quippo
251 2891 406 2973 dignitate
427 2898 556 2951 ornatos
582 2890 646 2980 hoc
675 2892 808 2953 nomine
835 2894 902 2971 jam
929 2890 1111 2971 significari

105 3000 339 3070 contenderunt
358 2995 570 3084 prudentium
591 3001 735 3064 rubrum
757 3003 852 3083 longe
873 3002 1014 3089 plurimi.

185 3089 302 3192 lionge
323 3110 417 3173 eliter
439 3109 591 3196 equidem
612 3109 817 3195 sentiendum
835 3125 926 3199 puto,
938 3126 972 3176 et
985 3111 1108 3202 duplici

98 3224 197 3295 modo
218 3222 410 3287 contrariam
429 3224 624 3287 sententiam
650 3220 825 3310 improbari
845 3244 941 3310 posse
963 3225 1105 3293 confido.

98 3331 197 3403 Haud
225 3333 315 3398 enim
344 3331 466 3398 dictum
492 3346 544 3398 est
570 3325 621 3398 tit.
651 3331 776 3415 Digest.
809 3335 863 3402 cit.
892 3331 932 3396 de
963 3333 1105 3419 judiciis,
1141 3392 1147 3401 .

99 3445 157 3513 sed
178 3445 414 3528 cognitionibus
441 3443 718 3510 extraordinariis:
758 3465 862 3531 neque
890 3447 996 3511 verbis
1031 3470 1122 3529 ειη

72 3613 74 3618 .
98 3570 162 3623 tra
184 3556 381 3626 ordinem
400 3559 474 3622 talis
496 3557 659 3622 sententia
679 3556 773 3633 inest,
794 3556 922 3640 qualem
938 3540 1107 3622 desidera-

96 3689 183 3735 mus.
225 3665 324 3734 Nulla
344 3669 433 3743 enirn
453 3681 511 3733 est«
533 3669 591 3732 illo
618 3666 713 3730 titulo
734 3662 775 3728 de
806 3666 982 3731 actionibus
1011 3691 1108 3757 men—

97 3781 162 3862 tiu,
186 3790 330 3845 attamen
349 3780 584 3850 iunctioribus
606 3788 731 3841 tantum
759 3773 858 3856 judex
879 3775 1003 3842 dandus
1026 3795 1108 3865 erat,

100 3915 165 3959 non
187 3889 320 3968 dandus,
345 3890 373 3968 si
395 3901 489 3954 extre
502 3888 647 3956 ordinem
664 3900 749 3952 esset
764 3886 981 3968 judicandum.
1020 3890 1110 3959 Scri-
