2400 4328
543 186 776 253 -212-

158 356 364 429 numeranda
389 350 556 421 Temen
583 354 760 421 minuenda
792 368 843 421 est
874 358 978 423 baar
982 368 1168 436 sententia.¹

156 475 286 563 Quam,
319 488 361 537 nc
389 488 473 531 nunc
500 465 640 531 nimium
661 468 757 549 longe
778 491 798 531 n
819 490 914 557 scopo
936 490 1013 535 noa·
1016 475 1166 561 abducre,

70 588 76 597 '
155 586 337 657 mittamus,
361 588 394 643 et
416 575 549 642 demum
565 577 699 663 posthac
720 574 993 667 respiciam..
1043 622 1047 629 ·

237 686 458 753 Gonierondus
480 700 530 755 est
549 690 699 777 inprimis
712 686 834 772 Cicero,
855 700 970 759 ructor
981 690 1042 759 itur
1060 694 1107 761 de
1129 723 1166 766 ra

153 814 187 869 et
207 798 434 893 planissimus,
465 808 499 861 et
519 794 759 865 disertissimus
801 798 985 891 Testatur,
990 802 1164 915 decausis

152 914 294 980 scribens
313 909 610 993 centumviralibus,
631 912 732 975 ιιιιιι

191 1023 235 1090 do
255 1016 440 1102 morel,
462 1042 490 1085 c
510 1018 590 1087 48.ι
612 1020 731 1101 „Nam
750 1022 921 1089 volitare
907 1046 947 1091 ιιι
965 1028 1072 1109 foro,
1082 1030 1164 1121 lonay

187 1138 265 1202 ἰιιο
283 1134 319 1197 in
339 1137 411 1213 jure
430 1150 467 1193 ιι
487 1128 678 1197 Praetorum
697 1131 929 1215 tribunalibus,
951 1136 1078 1217 judicic
1094 1145 1163 1231 pri-

192 1258 270 1339 vate
289 1248 482 1325 magnorum
500 1260 609 1305 rerum
630 1242 777 1323 obire,
747 1280 751 1287 ·
765 1262 801 1307 ιιι
828 1244 945 1331 quibos
974 1268 1075 1339 saepe
1097 1275 1163 1320 non

193 1358 235 1423 de
250 1358 352 1435 fecto,
373 1347 431 1416 aed
453 1346 494 1414 de
515 1352 678 1441 aequitate
697 1364 731 1418 et
751 1358 823 1435 jure
844 1368 995 1425 certetur.
1039 1362 1162 1430 iactari

188 1482 229 1535 'to
256 1466 294 1531 in
323 1461 428 1527 causis
456 1464 761 1541 centumviralibus,
792 1466 964 1552 inquibus
984 1475 1161 1559 usucapio-

180 1590 292 1657 'nnm
312 1572 504 1652 tutelarum,
524 1572 751 1655 gentilitatem,
773 1576 1159 1659 agnationum-eiluein.
1191 1580 1194 1589 '

190 1686 282 1767 nim,
305 1686 605 1759 circumluvionum,
627 1702 798 1765 nexorum
820 1686 1070 1777 mancipiorum,
1094 1716 1165 1783 pa

184 1802 318 1891 rictum,
340 1786 515 1895 luminum,
534 1788 779 1876 stillicidiorum,
791 1804 1074 1869 testamentorum
1078 1824 1160 1895 rup-

187 1898 298 1977 torum
325 1918 381 1972 eut
409 1916 567 1985 cetorum,
601 1914 837 1993 ceterorumque
864 1908 1158 1985 innumerabilium

189 2027 379 2098 vertentur,
410 2038 484 2083 cum
510 2013 645 2082 omuino
675 2012 751 2103 quid
777 2034 884 2081 auum.
896 2016 976 2104 quid
994 2016 1156 2111 elisum,

180 2148 290 2223 'quere
309 2126 449 2215 denique
470 2127 549 2195 civis
569 2145 613 2189 un
633 2124 831 2215 peregrinus,
859 2127 974 2193 servus
1002 2150 1046 2195 en
1066 2136 1157 2205 iiber

78 2258 82 2275 ¹
188 2240 350 2335 qrrispiam
370 2238 426 2320 sit,
446 2238 583 2321 ignoret,
605 2236 744 2319 insignis
763 2244 814 2301 est
832 2236 1093 2326 impudentiae.”

147 2354 222 2443 Quo
244 2354 314 2419 lb'co
336 2350 429 2416 nobis
448 2346 602 2415 obvenire
622 2344 712 2410 haud
732 2348 851 2429 exigua
871 2348 1044 2418 difficultas
1060 2354 1155 2421 vide-

53 2476 57 2485 ·
145 2482 213 2539 m,
265 2461 352 2539 Nom
382 2468 484 2535 certae
517 2477 568 2520 res
598 2456 636 2519 in
664 2454 783 2535 judicio
812 2465 1037 2555 centumvirali
1069 2479 1154 2547 actas

145 2578 259 2656 fuisse,
280 2569 431 2637 bincvix
445 2566 631 2649 extorqueri
650 2570 781 2652 poterit.
806 2564 1152 2653 Congerunturautem

102 2738 109 2746 .
143 2710 198 2758 ex
208 2682 313 2751 omni,
318 2678 417 2775 fare
405 2692 476 2755 Jure
487 2688 601 2739 causae
615 2678 879 2763 centumviralium
901 2686 1105 2770 etenimiric,
1117 2703 1151 2755 et

144 2796 222 2863 olibi
239 2768 423 2883 praeterear
445 2796 522 2853 sunt
537 2788 655 2907 scripta
668 2786 711 2855 da
731 2790 1146 2927 obligationibus⁸⁸),

139 2938 342 3007 4....-

144 3112 195 3183 12)
211 3103 396 3181 Perspicuum
412 3104 539 3168 videtur,
555 3067 701 3157 auctorem
715 3070 801 3157 voce
803 3106 1025 3169 „nexorum”
1044 3120 1146 3165 omne.

207 3196 453 3271 comprehendisse
474 3192 674 3265 obligationem
703 3192 749 3263 jus
771 3193 848 3247 enim
863 3190 928 3247 neri
943 3201 987 3248 ιιι
1002 3196 1081 3268 apud
1098 3201 1145 3257 ci.

206 3306 338 3367 teronem
360 3305 416 3362 pro
438 3288 500 3357 jura
516 3284 730 3355 obligationum
764 3280 862 3339 Nam'
852 3300 885 3337 rn
901 3282 1025 3341 oration.
1043 3288 1079 3344 de
1095 3291 1143 3347 ha-

206 3391 286 3453 rusp.
295 3396 426 3453 respons.
416 3395 504 3451 ..erp
497 3376 542 3431 7.
558 3373 628 3431 heec
645 3383 741 3433 auutt-
743 3372 813 3443 „scd
826 3376 1145 3453 tamenjureprivato,’¹

203 3474 315 3543 iensque
331 3478 425 3553 parter
439 3468 546 3541 privati
563 3466 634 3539 juris
650 3473 802 3531 memoretr
829 3466 939 3538 „jure
957 3468 1142 3537 heredita·

203 3562 283 3626 rio,
313 3564 397 3632 iure
426 3559 685 3628 ructoritetis,
715 3561 799 3631 ¹jure
826 3560 1024 3633 mancipii,
1060 3566 1142 3633 jure

200 3651 322 3709 uexi.‘’
353 3650 495 3709 Habemus
519 3648 566 3703 hic
581 3650 747 3707 divisionem
763 3636 833 3723 inrir
846 3638 950 3723 priyi'ti
967 3665 1141 3724 consuetam,

198 3740 292 3804 adhuc
314 3741 454 3817 hodieque
478 3740 599 3799 solitum·
632 3740 677 3797 De
690 3738 912 3811 ubligationibus
928 3750 1021 3798 entem
1039 3758 1141 3805 eucro-

197 3854 261 3892 rem
283 3852 343 3891 uno
366 3832 452 3888 verbo
474 3831 589 3898 diriter,
612 3832 733 3889 miratur
748 3832 846 3909 Ilugo,
866 3830 912 3887 vir
928 3826 1138 3917 celeberrimus.

179 3925 317 4000 Ermqne
330 3940 394 3980 rem
413 3920 530 3997 dignam
547 3919 664 3991 hebuit,
680 3922 788 3999 deque
804 3920 908 3979 diserte
923 3922 1092 3988 admoneret
1108 3934 1139 3987 in
