2400 4328
214 357 308 442 Quae
339 355 475 418 auctoris
508 353 684 440 disputatio
717 379 789 422 cum
825 357 917 421 unica
947 361 1049 430 nobis
1091 361 1133 425 de

64 516 68 524 .
131 472 233 560 priori
259 464 367 547 judicii
396 468 520 527 ratione
548 468 659 529 relicta
690 471 752 543 sit,
783 490 836 532 res
868 470 956 533 haocl
985 475 1047 534 erit
1068 483 1135 534 tarn

120 581 315 672 ¹perspicua,
339 578 415 660 quin
437 577 559 657 legenti
581 572 715 646 dubium
736 580 797 657 sit,
830 578 869 642 ad
891 602 1064 664 quamnam
1085 585 1134 645 le

129 689 353 776 gisaetionem
359 680 442 746 dieta
462 684 527 746 sint
546 687 712 752 trahenda.
763 688 800 754 Si
828 691 918 754 enim
939 714 1008 757 rem
1029 696 1134 779 ipsam

128 797 343 886 inquirimus,
381 793 422 856 de
449 776 566 875 judicis
601 800 819 883 postulatione
855 823 940 863 nunc
975 791 1135 866 auctorem

130 911 296 997 scripsisse
318 926 383 969 non
404 903 614 968 dubitamust·
611 910 680 970 sin
702 909 818 972 locum
824 912 1047 995 conspicimus,
1072 935 1135 997 cluo

130 1020 280 1089 exhibuit
299 1028 427 1096 auctor,
451 1016 491 1082 de
513 1016 945 1100 sacramentidegisactione.
999 1019 1055 1083 De
1073 1044 1134 1106 qua

130 1136 218 1201 enim
238 1132 393 1194 hactenus
416 1142 619 1214 exposuerat,
644 1140 677 1192 et
694 1143 769 1215 post
784 1142 852 1193 erat
868 1131 1011 1245 pluribus
1030 1129 1133 1193 dictu·

80 1320 83 1327 Ι
128 1266 195 1310 rus.
248 1237 385 1304 (iuinam
405 1259 485 1303 uero
514 1239 715 1320 legisactioni
735 1239 820 1305 dicta
842 1213 1014 1319 addamus,
1049 1263 1135 1304 nunc

129 1354 303 1420 accuratius
324 1358 374 1412 est
394 1347 633 1432 inquirendum.

116 1515 120 1527 ‚
156 1459 281 1542 Qui
303 1455 438 1537 Gaium,
462 1461 555 1522 nobis
578 1461 749 1539 traditum,
772 1460 918 1547 inspicit,
943 1460 975 1522 ei
993 1462 1052 1523 vix
1072 1458 1133 1523 du-

128 1579 219 1640 biem
240 1573 319 1647 erit,
361 1567 401 1630 de
422 1566 537 1648 judicis
565 1573 781 1655 postulatione
803 1573 956 1634 hocloco
978 1564 1133 1656 scripturn

34 1734 37 1739 .
129 1705 210 1751 esse.
254 1680 397 1758 Etenim,
429 1679 491 1742 etsi
512 1692 626 1764 postea
648 1679 689 1743 de
710 1680 917 1759 legisactione
940 1682 1130 1744 sacramenti

129 1798 287 1882 disputat,
312 1793 400 1852 locus
422 1802 532 1850 tamen
553 1791 664 1851 nullus
686 1789 815 1853 ridetur
835 1794 917 1856 alius
940 1813 1031 1865 esse,
1068 1813 1130 1876 quo

128 1917 238 1971 auctor
273 1899 313 1964 de
348 1899 461 1999 judicis
492 1900 711 1982 postulatione
750 1904 890 1986 potuerit
926 1912 1128 1986 pertractare,

41 2062 67 2105 4
128 2013 202 2082 cum
222 2013 373 2095 deinceps
394 2006 435 2071 de
456 2005 676 2089 condictione,
700 2023 733 2074 et
754 2032 870 2076 manus
890 2010 1074 2090 injectione,
1098 2020 1131 2070 et

127 2126 270 2218 pignoris
292 2121 423 2207 capione
444 2137 608 2204 exponere
629 2119 801 2208 inciperet,
836 2117 1035 2210 quo-ordine
1056 2127 1131 2179 ante

127 2241 319 2325 scripserat,
345 2250 380 2293 ee
402 2227 444 2290 de
468 2231 730 2312 legisactionibus
761 2235 920 2298 dicturum
944 2227 1001 2312 ⁶):
1025 2248 1129 2313 neque

125 2365 315 2444 peasuasum
336 2341 399 2404 sibi
420 2341 591 2428 quisquam
612 2346 754 2424 habebit,
777 2367 852 2409 eum
873 2344 914 2406 de
934 2339 1048 2422 judicis
1070 2359 1130 2424 po-

126 2460 297 2529 stulatione
326 2452 432 2515 dicere
460 2453 621 2517 omisisse.
676 2453 772 2536 Quae
793 2454 968 2540 disputatio
996 2469 1129 2535 persua-

125 2572 238 2637 deatur
259 2549 574 2642 restitutumssttajim
595 2561 727 2644 legenti,
751 2572 784 2623 et
805 2581 887 2644 quae
907 2559 1003 2623 initio
1025 2562 1129 2621 nostri

50 2701 53 2711 ’
122 2682 186 2747 loci
209 2698 244 2739 ae
264 2677 301 2737 in
329 2671 401 2760 fure¹
423 2670 520 2733 dubia
549 2676 585 2735 in
617 2675 776 2755 lituraque
807 2681 901 2748 sunt,
931 2670 1125 2755 respicienti.

64 2774 67 2780 ⁵
124 2789 207 2853 Cum
227 2805 304 2848 vero
327 2803 366 2844 eo
387 2783 476 2862 loco,
506 2803 570 2867 quo
592 2781 633 2845 de
654 2779 768 2861 judicis
789 2780 1007 2866 postulatione
1018 2793 1128 2862 *agen-

124 2885 203 2969 dum
224 2906 307 2971 erat,
338 2894 452 2956 folium
479 2889 790 2967 excessissedoceat
811 2901 935 2969 auctor,
967 2896 1057 2972 cnjus
1079 2893 1126 2954 13.

123 3005 194 3076 bori
217 2997 333 3087 Gaium
354 3002 526 3076 debemus,
551 3023 634 3085 Jrern
663 2979 895 3086 aliquanfisper
923 2998 1009 3065 dictu
1023 3037 1025 3040 >
1040 2999 1127 3064 disfi-

124 3173 326 3193 m

189 3271 280 3325 ditum
297 3282 357 3321 nen
375 3275 430 3332 eet,
446 3264 546 3320 eodem
563 3282 622 3321 esse
639 3275 766 3340 ternpore
783 3272 960 3338 peroratum,
986 3280 1044 3336 quo
1061 3281 1127 3318 cau·

188 3364 235 3418 ia'c
251 3357 471 3426 eratucollectiot
489 3357 539 3420 vita
561 3358 691 3428 quidem,
703 3396 705 3402 -
719 3365 766 3421 ut,
795 3375 827 3410 ra
849 3357 1127 3426 breviterexpoeita,

188 3439 344 3522 inciperent
371 3448 466 3502 statim
495 3447 634 3519 litigantes
663 3447 827 3520 'perorando
854 3464 965 3502 eausam
988 3447 1126 3518 pluribus,

190 3554 218 3598 ot
232 3542 404 3605 uerborum,
421 3556 575 3612 rerumque
596 3539 759 3610 ambagibus
778 3533 912 3610 repetere.

121 3638 156 3708 ⁶)
183 3631 434 3696 mintionem,
460 3631 504 3686 12.
529 3631 622 3684 hisce:
648 3631 744 3705 „lege
759 3641 870 3683 autem
877 3625 1011 3697 agebatur
1031 3626 1124 3679 modis

186 3726 326 3796 quinque:
344 3731 533 3776 sacramento:
551 3739 602 3792 per
618 3720 717 3790 judicis
735 3721 970 3789 postulationem.
983 3734 1122 3786 percon

186 3816 357 3870 dictioncmr'
367 3830 440 3884 par
466 3830 567 3868 manua
600 3811 798 3880 injectionem.
841 3827 893 3882 per
921 3808 1050 3878 pignoris
1077 3825 1123 3860 ca·

182 3912 308 3981 pionem·
319 3905 336 3936 ''

73 4000 110 4053 Ι
151 4076 157 4087 .
