<?xml version="1.0" encoding="UTF-8"?>
<!DOCTYPE html PUBLIC "-//W3C//DTD XHTML 1.0 Transitional//EN"
    "http://www.w3.org/TR/xhtml1/DTD/xhtml1-transitional.dtd">
<html xmlns="http://www.w3.org/1999/xhtml" xml:lang="en" lang="en">
 <head>
  <title>
</title>
<meta http-equiv="Content-Type" content="text/html;charset=utf-8" />
  <meta name='ocr-system' content='tesseract 3.04.00' />
  <meta name='ocr-capabilities' content='ocr_page ocr_carea ocr_par ocr_line ocrx_word'/>
</head>
<body>
  <div class='ocr_page' id='page_1' title='image "./dejudicibusapud00tigegoog_0148.png"; bbox 0 0 2400 4328; ppageno 0'>
   <div class='ocr_carea' id='block_1_1' title="bbox 458 133 734 218">
    <p class='ocr_par' dir='ltr' id='par_1_1' title="bbox 458 133 734 218">
     <span class='ocr_line' id='line_1_1' title="bbox 458 133 734 218; baseline 0 -15"><span class='ocrx_word' id='word_1_1' title='bbox 458 133 734 218; x_wconf 32' lang='lat' dir='ltr'><strong>«sss-¹</strong></span> 
     </span>
    </p>
   </div>
   <div class='ocr_carea' id='block_1_2' title="bbox 49 280 1169 3724">
    <p class='ocr_par' dir='ltr' id='par_1_2' title="bbox 63 280 1072 732">
     <span class='ocr_line' id='line_1_2' title="bbox 63 280 1072 405; baseline 0.015 -35"><span class='ocrx_word' id='word_1_2' title='bbox 63 310 65 317; x_wconf 89' lang='lat'>&#39;</span> <span class='ocrx_word' id='word_1_3' title='bbox 107 311 172 379; x_wconf 64' lang='lat' dir='ltr'><strong>ali·</strong></span> <span class='ocrx_word' id='word_1_4' title='bbox 191 307 363 396; x_wconf 72' lang='lat' dir='ltr'><strong>inspectio,</strong></span> <span class='ocrx_word' id='word_1_5' title='bbox 386 307 505 372; x_wconf 83' lang='lat' dir='ltr'><strong>bonnm</strong></span> <span class='ocrx_word' id='word_1_6' title='bbox 525 303 626 373; x_wconf 83' lang='lat' dir='ltr'><strong>fidem</strong></span> <span class='ocrx_word' id='word_1_7' title='bbox 643 306 729 374; x_wconf 81' lang='lat' dir='ltr'><strong>inter</strong></span> <span class='ocrx_word' id='word_1_8' title='bbox 749 329 807 376; x_wconf 87' lang='lat' dir='ltr'><strong>eos</strong></span> <span class='ocrx_word' id='word_1_9' title='bbox 827 280 971 397; x_wconf 60' lang='lat' dir='ltr'><strong>tontum,⁸</strong></span> <span class='ocrx_word' id='word_1_10' title='bbox 992 336 1072 405; x_wconf 80' lang='lat' dir='ltr'><strong>quos</strong></span> 
     </span>
     <span class='ocr_line' id='line_1_3' title="bbox 107 418 1072 498; baseline 0.005 -8"><span class='ocrx_word' id='word_1_11' title='bbox 107 431 305 491; x_wconf 81' lang='lat' dir='ltr'><strong>eontraotum</strong></span> <span class='ocrx_word' id='word_1_12' title='bbox 326 429 387 498; x_wconf 85' lang='lat' dir='ltr'><strong>est,</strong></span> <span class='ocrx_word' id='word_1_13' title='bbox 410 418 501 482; x_wconf 89' lang='lat' dir='ltr'><strong>nullo</strong></span> <span class='ocrx_word' id='word_1_14' title='bbox 522 421 721 485; x_wconf 84' lang='lat' dir='ltr'><strong>extrinsecus</strong></span> <span class='ocrx_word' id='word_1_15' title='bbox 743 419 891 492; x_wconf 79' lang='lat' dir='ltr'><strong>adsumto</strong></span> <span class='ocrx_word' id='word_1_16' title='bbox 901 428 1072 495; x_wconf 77' lang='lat' dir='ltr'><strong>aestimare</strong></span> 
     </span>
     <span class='ocr_line' id='line_1_4' title="bbox 103 529 1071 627; baseline 0.001 -25"><span class='ocrx_word' id='word_1_17' title='bbox 103 533 273 611; x_wconf 84' lang='lat' dir='ltr'><strong>debemus,</strong></span> <span class='ocrx_word' id='word_1_18' title='bbox 293 551 338 594; x_wconf 81' lang='lat' dir='ltr'><strong>nn</strong></span> <span class='ocrx_word' id='word_1_19' title='bbox 357 538 504 627; x_wconf 76' lang='lat' dir='ltr'><strong>respectu</strong></span> <span class='ocrx_word' id='word_1_20' title='bbox 525 529 661 595; x_wconf 81' lang='lat' dir='ltr'><strong>eliorum</strong></span> <span class='ocrx_word' id='word_1_21' title='bbox 681 552 905 620; x_wconf 79' lang='lat' dir='ltr'><strong>personarum,</strong></span> <span class='ocrx_word' id='word_1_22' title='bbox 927 537 970 605; x_wconf 83' lang='lat' dir='ltr'><strong>nd</strong></span> <span class='ocrx_word' id='word_1_23' title='bbox 992 561 1071 627; x_wconf 77' lang='lat' dir='ltr'><strong>ques</strong></span> 
     </span>
     <span class='ocr_line' id='line_1_5' title="bbox 99 636 613 732; baseline -0.025 -19"><span class='ocrx_word' id='word_1_24' title='bbox 99 646 145 729; x_wconf 89' lang='lat' dir='ltr'><strong>id,</strong></span> <span class='ocrx_word' id='word_1_25' title='bbox 168 639 261 732; x_wconf 86' lang='lat' dir='ltr'><strong>quod</strong></span> <span class='ocrx_word' id='word_1_26' title='bbox 282 639 413 722; x_wconf 82' lang='lat' dir='ltr'>geritur,</span> <span class='ocrx_word' id='word_1_27' title='bbox 432 636 581 729; x_wconf 76' lang='lat' dir='ltr'><strong>pertinet.</strong></span> <span class='ocrx_word' id='word_1_28' title='bbox 592 636 613 670; x_wconf 85' lang='lat'><strong>&#39;’</strong></span> 
     </span>
    </p>

    <p class='ocr_par' dir='ltr' id='par_1_3' title="bbox 56 748 1069 845">
     <span class='ocr_line' id='line_1_6' title="bbox 56 748 1069 845; baseline 0.002 -20"><span class='ocrx_word' id='word_1_29' title='bbox 56 759 109 825; x_wconf 78' lang='lat' dir='ltr'><strong>De</strong></span> <span class='ocrx_word' id='word_1_30' title='bbox 130 758 252 845; x_wconf 87' lang='lat' dir='ltr'><strong>quibus</strong></span> <span class='ocrx_word' id='word_1_31' title='bbox 271 748 531 826; x_wconf 83' lang='lat' dir='ltr'><strong>difficultatibus,</strong></span> <span class='ocrx_word' id='word_1_32' title='bbox 562 768 636 812; x_wconf 89' lang='lat' dir='ltr'><strong>cum</strong></span> <span class='ocrx_word' id='word_1_33' title='bbox 665 750 707 817; x_wconf 89' lang='lat' dir='ltr'><strong>iis</strong></span> <span class='ocrx_word' id='word_1_34' title='bbox 734 754 818 819; x_wconf 89' lang='lat' dir='ltr'><strong>nihil</strong></span> <span class='ocrx_word' id='word_1_35' title='bbox 838 756 960 823; x_wconf 81' lang='lat' dir='ltr'><strong>mirum</strong></span> <span class='ocrx_word' id='word_1_36' title='bbox 978 760 1069 845; x_wconf 86' lang='lat' dir='ltr'><strong>insit,</strong></span> 
     </span>
    </p>

    <p class='ocr_par' dir='ltr' id='par_1_4' title="bbox 58 854 1136 951">
     <span class='ocr_line' id='line_1_7' title="bbox 58 854 1136 951; baseline -0.002 -13"><span class='ocrx_word' id='word_1_37' title='bbox 58 893 129 938; x_wconf 88' lang='lat' dir='ltr'><strong>non</strong></span> <span class='ocrx_word' id='word_1_38' title='bbox 156 877 226 947; x_wconf 83' lang='lat' dir='ltr'><strong>est,</strong></span> <span class='ocrx_word' id='word_1_39' title='bbox 258 859 367 951; x_wconf 85' lang='lat' dir='ltr'><strong>quod</strong></span> <span class='ocrx_word' id='word_1_40' title='bbox 363 859 477 923; x_wconf 83' lang='lat' dir='ltr'><strong>insius</strong></span> <span class='ocrx_word' id='word_1_41' title='bbox 506 855 678 946; x_wconf 85' lang='lat' dir='ltr'><strong>disputem</strong></span> <span class='ocrx_word' id='word_1_42' title='bbox 744 854 841 931; x_wconf 78' lang='lat' dir='ltr'><strong>Hand</strong></span> <span class='ocrx_word' id='word_1_43' title='bbox 868 871 956 934; x_wconf 88' lang='lat' dir='ltr'><strong>enim</strong></span> <span class='ocrx_word' id='word_1_44' title='bbox 986 874 1073 936; x_wconf 77' lang='lat' dir='ltr'><strong>aliae</strong></span> <span class='ocrx_word' id='word_1_45' title='bbox 1129 902 1136 916; x_wconf 45' lang='grc' dir='ltr'><em>τ</em></span> 
     </span>
    </p>

    <p class='ocr_par' dir='ltr' id='par_1_5' title="bbox 59 967 1068 1063">
     <span class='ocr_line' id='line_1_8' title="bbox 59 967 1068 1063; baseline -0.001 -16"><span class='ocrx_word' id='word_1_46' title='bbox 59 992 157 1060; x_wconf 87' lang='lat' dir='ltr'><strong>sunt,</strong></span> <span class='ocrx_word' id='word_1_47' title='bbox 182 996 281 1063; x_wconf 84' lang='lat' dir='ltr'><strong>quem</strong></span> <span class='ocrx_word' id='word_1_48' title='bbox 302 992 385 1060; x_wconf 83' lang='lat' dir='ltr'><strong>quoe</strong></span> <span class='ocrx_word' id='word_1_49' title='bbox 404 967 567 1054; x_wconf 79' lang='lat' dir='ltr'>hodieque</span> <span class='ocrx_word' id='word_1_50' title='bbox 586 972 623 1036; x_wconf 90' lang='lat' dir='ltr'><strong>in</strong></span> <span class='ocrx_word' id='word_1_51' title='bbox 643 974 715 1040; x_wconf 86' lang='lat' dir='ltr'><strong>foro</strong></span> <span class='ocrx_word' id='word_1_52' title='bbox 735 975 915 1045; x_wconf 83' lang='lat' dir='ltr'><strong>identidem</strong></span> <span class='ocrx_word' id='word_1_53' title='bbox 934 982 1068 1047; x_wconf 78' lang='lat' dir='ltr'><strong>obvient</strong></span> 
     </span>
    </p>

    <p class='ocr_par' dir='ltr' id='par_1_6' title="bbox 59 1088 1006 1175">
     <span class='ocr_line' id='line_1_9' title="bbox 59 1088 1006 1175; baseline -0.003 -19"><span class='ocrx_word' id='word_1_54' title='bbox 59 1088 230 1175; x_wconf 80' lang='lat' dir='ltr'><strong>judicanti.</strong></span> <span class='ocrx_word' id='word_1_55' title='bbox 1003 1130 1006 1135; x_wconf 91' lang='lat'>·</span> 
     </span>
    </p>

    <p class='ocr_par' dir='ltr' id='par_1_7' title="bbox 145 1155 1069 1298">
     <span class='ocr_line' id='line_1_10' title="bbox 145 1155 1069 1298; baseline 0.007 -39.188"><span class='ocrx_word' id='word_1_56' title='bbox 145 1196 214 1266; x_wconf 74' lang='lat' dir='ltr'><strong>Sed</strong></span> <span class='ocrx_word' id='word_1_57' title='bbox 145 1200 270 1272; x_wconf 86' lang='lat' dir='ltr'><strong>Snt,</strong></span> <span class='ocrx_word' id='word_1_58' title='bbox 287 1190 374 1258; x_wconf 80' lang='lat' dir='ltr'><strong>unde</strong></span> <span class='ocrx_word' id='word_1_59' title='bbox 388 1188 533 1298; x_wconf 81' lang='lat' dir='ltr'><strong>digresse</strong></span> <span class='ocrx_word' id='word_1_60' title='bbox 546 1201 605 1271; x_wconf 86' lang='lat' dir='ltr'><strong>est,</strong></span> <span class='ocrx_word' id='word_1_61' title='bbox 622 1190 700 1256; x_wconf 87' lang='lat' dir='ltr'><strong>inde</strong></span> <span class='ocrx_word' id='word_1_62' title='bbox 715 1215 752 1260; x_wconf 88' lang='lat' dir='ltr'><strong>se</strong></span> <span class='ocrx_word' id='word_1_63' title='bbox 767 1201 885 1263; x_wconf 79' lang='lat' dir='ltr'><strong>referet</strong></span> <span class='ocrx_word' id='word_1_64' title='bbox 895 1155 1069 1286; x_wconf 75' lang='lat' dir='ltr'><strong>disputatio</strong></span> 
     </span>
    </p>

    <p class='ocr_par' dir='ltr' id='par_1_8' title="bbox 61 1252 1070 1398">
     <span class='ocr_line' id='line_1_11' title="bbox 61 1252 1070 1398; baseline -0.003 -20"><span class='ocrx_word' id='word_1_65' title='bbox 61 1252 188 1393; x_wconf 78' lang='lat' dir='ltr'><strong>ndstra,</strong></span> <span class='ocrx_word' id='word_1_66' title='bbox 209 1305 418 1398; x_wconf 85' lang='lat' dir='ltr'><strong>perspicuum</strong></span> <span class='ocrx_word' id='word_1_67' title='bbox 439 1302 501 1365; x_wconf 86' lang='lat' dir='ltr'><strong>erit</strong></span> <span class='ocrx_word' id='word_1_68' title='bbox 521 1303 723 1384; x_wconf 87' lang='lat' dir='ltr'><strong>omnibus,</strong></span> <span class='ocrx_word' id='word_1_69' title='bbox 712 1329 748 1370; x_wconf 87' lang='lat' dir='ltr'><strong>m</strong></span> <span class='ocrx_word' id='word_1_70' title='bbox 768 1310 800 1375; x_wconf 96' lang='lat' dir='ltr'><strong>b</strong></span> <span class='ocrx_word' id='word_1_71' title='bbox 821 1312 845 1373; x_wconf 85' lang='lat' dir='ltr'><strong>f.</strong></span> <span class='ocrx_word' id='word_1_72' title='bbox 867 1307 995 1390; x_wconf 86' lang='lat' dir='ltr'><strong>judiciis</strong></span> <span class='ocrx_word' id='word_1_73' title='bbox 1016 1332 1070 1374; x_wconf 81' lang='lat' dir='ltr'><strong>ac</strong></span> 
     </span>
    </p>

    <p class='ocr_par' dir='ltr' id='par_1_9' title="bbox 58 1411 1089 1506">
     <span class='ocr_line' id='line_1_12' title="bbox 58 1411 1089 1506; baseline -0.002 -18"><span class='ocrx_word' id='word_1_74' title='bbox 58 1424 224 1490; x_wconf 75' lang='lat' dir='ltr'><strong>cessiones</strong></span> <span class='ocrx_word' id='word_1_75' title='bbox 244 1438 314 1480; x_wconf 88' lang='lat' dir='ltr'><strong>non</strong></span> <span class='ocrx_word' id='word_1_76' title='bbox 336 1413 542 1495; x_wconf 83' lang='lat' dir='ltr'><strong>obligationis</strong></span> <span class='ocrx_word' id='word_1_77' title='bbox 563 1411 645 1494; x_wconf 89' lang='lat' dir='ltr'><strong>fide,</strong></span> <span class='ocrx_word' id='word_1_78' title='bbox 674 1415 732 1480; x_wconf 89' lang='lat' dir='ltr'><strong>sed</strong></span> <span class='ocrx_word' id='word_1_79' title='bbox 751 1422 911 1506; x_wconf 81' lang='lat' dir='ltr'><strong>nequitate</strong></span> <span class='ocrx_word' id='word_1_80' title='bbox 932 1432 965 1486; x_wconf 86' lang='lat' dir='ltr'><strong>et</strong></span> <span class='ocrx_word' id='word_1_81' title='bbox 982 1420 1089 1503; x_wconf 65' lang='lat' dir='ltr'><strong>judi.</strong></span> 
     </span>
    </p>

    <p class='ocr_par' dir='ltr' id='par_1_10' title="bbox 60 1521 1070 1616">
     <span class='ocr_line' id='line_1_13' title="bbox 60 1521 1070 1616; baseline -0.003 -22"><span class='ocrx_word' id='word_1_82' title='bbox 60 1539 107 1600; x_wconf 80' lang='lat' dir='ltr'><strong>cis</strong></span> <span class='ocrx_word' id='word_1_83' title='bbox 128 1531 238 1602; x_wconf 73' lang='lat' dir='ltr'><strong>officio</strong></span> <span class='ocrx_word' id='word_1_84' title='bbox 260 1524 386 1592; x_wconf 85' lang='lat' dir='ltr'><strong>venire.</strong></span> <span class='ocrx_word' id='word_1_85' title='bbox 428 1521 577 1611; x_wconf 88' lang='lat' dir='ltr'><strong>Idipsnm</strong></span> <span class='ocrx_word' id='word_1_86' title='bbox 602 1526 734 1614; x_wconf 81' lang='lat' dir='ltr'><strong>insuper</strong></span> <span class='ocrx_word' id='word_1_87' title='bbox 756 1532 875 1616; x_wconf 80' lang='lat' dir='ltr'><strong>opertis</strong></span> <span class='ocrx_word' id='word_1_88' title='bbox 896 1552 1070 1613; x_wconf 69' lang='lat' dir='ltr'><strong>argumen-</strong></span> 
     </span>
    </p>

    <p class='ocr_par' dir='ltr' id='par_1_11' title="bbox 58 1635 1066 1726">
     <span class='ocr_line' id='line_1_14' title="bbox 58 1635 1066 1726; baseline -0.001 -16"><span class='ocrx_word' id='word_1_89' title='bbox 58 1659 170 1712; x_wconf 80' lang='lat' dir='ltr'><strong>torum</strong></span> <span class='ocrx_word' id='word_1_90' title='bbox 188 1636 386 1707; x_wconf 76' lang='lat' dir='ltr'><strong>testimoniis</strong></span> <span class='ocrx_word' id='word_1_91' title='bbox 405 1635 567 1700; x_wconf 75' lang='lat' dir='ltr'><strong>affirmare</strong></span> <span class='ocrx_word' id='word_1_92' title='bbox 582 1659 777 1724; x_wconf 79' lang='lat' dir='ltr'><strong>possumus:</strong></span> <span class='ocrx_word' id='word_1_93' title='bbox 800 1642 830 1704; x_wconf 86' lang='lat' dir='ltr'><strong>si</strong></span> <span class='ocrx_word' id='word_1_94' title='bbox 850 1644 938 1706; x_wconf 89' lang='lat' dir='ltr'><strong>enim</strong></span> <span class='ocrx_word' id='word_1_95' title='bbox 956 1643 1066 1726; x_wconf 85' lang='lat' dir='ltr'><strong>judex,</strong></span> 
     </span>
    </p>

    <p class='ocr_par' dir='ltr' id='par_1_12' title="bbox 63 1745 1067 1841">
     <span class='ocr_line' id='line_1_15' title="bbox 63 1745 1067 1841; baseline 0.003 -23"><span class='ocrx_word' id='word_1_96' title='bbox 63 1757 124 1841; x_wconf 89' lang='lat' dir='ltr'><strong>qui</strong></span> <span class='ocrx_word' id='word_1_97' title='bbox 150 1754 193 1817; x_wconf 89' lang='lat' dir='ltr'><strong>de</strong></span> <span class='ocrx_word' id='word_1_98' title='bbox 223 1761 316 1815; x_wconf 83' lang='lat' dir='ltr'><strong>sorte-</strong></span> <span class='ocrx_word' id='word_1_99' title='bbox 338 1745 516 1831; x_wconf 77' lang='lat' dir='ltr'><strong>judicaret,</strong></span> <span class='ocrx_word' id='word_1_100' title='bbox 547 1747 589 1812; x_wconf 90' lang='lat' dir='ltr'><strong>de</strong></span> <span class='ocrx_word' id='word_1_101' title='bbox 616 1751 723 1814; x_wconf 86' lang='lat' dir='ltr'><strong>usuris</strong></span> <span class='ocrx_word' id='word_1_102' title='bbox 744 1750 884 1830; x_wconf 75' lang='lat' dir='ltr'><strong>judicare</strong></span> <span class='ocrx_word' id='word_1_103' title='bbox 905 1754 1067 1838; x_wconf 79' lang='lat' dir='ltr'><strong>omiserat,</strong></span> 
     </span>
    </p>

    <p class='ocr_par' dir='ltr' id='par_1_13' title="bbox 63 1847 1085 1949">
     <span class='ocr_line' id='line_1_16' title="bbox 63 1847 1085 1949; baseline 0.004 -19"><span class='ocrx_word' id='word_1_104' title='bbox 63 1867 156 1930; x_wconf 83' lang='lat' dir='ltr'><strong>nulle</strong></span> <span class='ocrx_word' id='word_1_105' title='bbox 177 1873 247 1941; x_wconf 82' lang='lat' dir='ltr'><strong>erat</strong></span> <span class='ocrx_word' id='word_1_106' title='bbox 266 1861 415 1942; x_wconf 79' lang='lat' dir='ltr'><strong>obligatio</strong></span> <span class='ocrx_word' id='word_1_107' title='bbox 436 1878 609 1924; x_wconf 81' lang='lat' dir='ltr'><strong>usurarum</strong></span> <span class='ocrx_word' id='word_1_108' title='bbox 628 1861 848 1949; x_wconf 77' lang='lat' dir='ltr'><strong>petendesum,</strong></span> <span class='ocrx_word' id='word_1_109' title='bbox 863 1867 953 1932; x_wconf 83' lang='lat' dir='ltr'><strong>nulls</strong></span> <span class='ocrx_word' id='word_1_110' title='bbox 972 1847 1085 1935; x_wconf 53' lang='lat' dir='ltr'><strong>actio(</strong></span> 
     </span>
    </p>

    <p class='ocr_par' dir='ltr' id='par_1_14' title="bbox 60 1970 644 2055">
     <span class='ocr_line' id='line_1_17' title="bbox 60 1970 644 2055; baseline -0.017 -11"><span class='ocrx_word' id='word_1_111' title='bbox 60 1977 116 2044; x_wconf 83' lang='lat' dir='ltr'><strong>De</strong></span> <span class='ocrx_word' id='word_1_112' title='bbox 136 1997 172 2041; x_wconf 83' lang='lat' dir='ltr'><strong>rs</strong></span> <span class='ocrx_word' id='word_1_113' title='bbox 192 1970 387 2055; x_wconf 80' lang='lat' dir='ltr'><strong>conferenda</strong></span> <span class='ocrx_word' id='word_1_114' title='bbox 407 1982 506 2035; x_wconf 74' lang='lat' dir='ltr'><strong>eunte</strong></span> <span class='ocrx_word' id='word_1_115' title='bbox 639 1979 644 1989; x_wconf 93' lang='grc'><em>“</em></span> 
     </span>
    </p>

    <p class='ocr_par' dir='ltr' id='par_1_15' title="bbox 103 2080 1067 2511">
     <span class='ocr_line' id='line_1_18' title="bbox 103 2080 641 2167; baseline -0.015 -15"><span class='ocrx_word' id='word_1_116' title='bbox 103 2093 128 2156; x_wconf 89' lang='lat'><strong>1.</strong></span> <span class='ocrx_word' id='word_1_117' title='bbox 147 2085 205 2153; x_wconf 82' lang='lat'><strong>49.</strong></span> <span class='ocrx_word' id='word_1_118' title='bbox 227 2084 254 2167; x_wconf 65' lang='lat' dir='ltr'><strong>i.</strong></span> <span class='ocrx_word' id='word_1_119' title='bbox 278 2081 310 2148; x_wconf 89' lang='grc'><strong>1.</strong></span> <span class='ocrx_word' id='word_1_120' title='bbox 332 2080 374 2147; x_wconf 88' lang='grc' dir='ltr'><strong>Ι).</strong></span> <span class='ocrx_word' id='word_1_121' title='bbox 394 2081 438 2146; x_wconf 89' lang='lat' dir='ltr'><strong>de</strong></span> <span class='ocrx_word' id='word_1_122' title='bbox 460 2090 520 2143; x_wconf 82' lang='lat' dir='ltr'><strong>net.</strong></span> <span class='ocrx_word' id='word_1_123' title='bbox 543 2080 641 2146; x_wconf 87' lang='lat' dir='ltr'><strong>emti:</strong></span> 
     </span>
     <span class='ocr_line' id='line_1_19' title="bbox 151 2193 1067 2287; baseline 0.009 -28"><span class='ocrx_word' id='word_1_124' title='bbox 151 2195 279 2276; x_wconf 68' lang='lat' dir='ltr'><strong>„Prodi</strong></span> <span class='ocrx_word' id='word_1_125' title='bbox 300 2204 387 2256; x_wconf 85' lang='lat' dir='ltr'><strong>sorte</strong></span> <span class='ocrx_word' id='word_1_126' title='bbox 402 2193 478 2257; x_wconf 85' lang='lat' dir='ltr'><strong>licet</strong></span> <span class='ocrx_word' id='word_1_127' title='bbox 498 2202 574 2278; x_wconf 90' lang='lat' dir='ltr'><strong>post</strong></span> <span class='ocrx_word' id='word_1_128' title='bbox 592 2211 718 2255; x_wconf 81' lang='lat' dir='ltr'><strong>morem</strong></span> <span class='ocrx_word' id='word_1_129' title='bbox 740 2193 856 2274; x_wconf 82' lang='lat' dir='ltr'><strong>soluto,</strong></span> <span class='ocrx_word' id='word_1_130' title='bbox 868 2205 1067 2287; x_wconf 85' lang='lat' dir='ltr'><strong>usuraepsti</strong></span> 
     </span>
     <span class='ocr_line' id='line_1_20' title="bbox 155 2302 1064 2395; baseline -0.006 -27"><span class='ocrx_word' id='word_1_131' title='bbox 155 2325 224 2368; x_wconf 89' lang='lat' dir='ltr'><strong>non</strong></span> <span class='ocrx_word' id='word_1_132' title='bbox 244 2310 395 2390; x_wconf 83' lang='lat' dir='ltr'><strong>possunt,</strong></span> <span class='ocrx_word' id='word_1_133' title='bbox 425 2322 496 2366; x_wconf 86' lang='lat' dir='ltr'><strong>oum</strong></span> <span class='ocrx_word' id='word_1_134' title='bbox 523 2302 587 2364; x_wconf 81' lang='lat' dir='ltr'><strong>hae</strong></span> <span class='ocrx_word' id='word_1_135' title='bbox 616 2322 684 2364; x_wconf 93' lang='lat' dir='ltr'><strong>non</strong></span> <span class='ocrx_word' id='word_1_136' title='bbox 713 2306 842 2374; x_wconf 82' lang='lat' dir='ltr'><strong>suntin</strong></span> <span class='ocrx_word' id='word_1_137' title='bbox 862 2310 1064 2395; x_wconf 62' lang='lat' dir='ltr'><strong>obligatione,</strong></span> 
     </span>
     <span class='ocr_line' id='line_1_21' title="bbox 152 2410 725 2511; baseline -0.009 -31"><span class='ocrx_word' id='word_1_138' title='bbox 152 2413 211 2480; x_wconf 89' lang='lat' dir='ltr'><strong>sed</strong></span> <span class='ocrx_word' id='word_1_139' title='bbox 224 2413 337 2511; x_wconf 77' lang='lat' dir='ltr'><strong>,officio</strong></span> <span class='ocrx_word' id='word_1_140' title='bbox 356 2412 469 2495; x_wconf 85' lang='lat' dir='ltr'><strong>judicis</strong></span> <span class='ocrx_word' id='word_1_141' title='bbox 489 2410 725 2502; x_wconf 79' lang='lat' dir='ltr'><strong>preestnnbn.‘’</strong></span> 
     </span>
    </p>

    <p class='ocr_par' dir='ltr' id='par_1_16' title="bbox 50 2523 513 2603">
     <span class='ocr_line' id='line_1_22' title="bbox 50 2523 513 2603; baseline -0.017 -7"><span class='ocrx_word' id='word_1_142' title='bbox 50 2594 55 2603; x_wconf 83' lang='lat'>‚</span> <span class='ocrx_word' id='word_1_143' title='bbox 105 2523 480 2598; x_wconf 71' lang='lat' dir='ltr'><strong>l.13.0.deusuris=</strong></span> <span class='ocrx_word' id='word_1_144' title='bbox 510 2568 513 2575; x_wconf 78' lang='lat'><em>,</em></span> 
     </span>
    </p>

    <p class='ocr_par' dir='ltr' id='par_1_17' title="bbox 147 2620 1158 3039">
     <span class='ocr_line' id='line_1_23' title="bbox 147 2620 1068 2728; baseline 0.003 -23"><span class='ocrx_word' id='word_1_145' title='bbox 147 2638 241 2725; x_wconf 80' lang='lat' dir='ltr'><strong>„sed</strong></span> <span class='ocrx_word' id='word_1_146' title='bbox 262 2639 292 2703; x_wconf 91' lang='lat' dir='ltr'><strong>si</strong></span> <span class='ocrx_word' id='word_1_147' title='bbox 311 2620 442 2701; x_wconf 83' lang='lat' dir='ltr'><strong>linitum</strong></span> <span class='ocrx_word' id='word_1_148' title='bbox 462 2646 512 2700; x_wconf 86' lang='lat' dir='ltr'><strong>est</strong></span> <span class='ocrx_word' id='word_1_149' title='bbox 537 2633 693 2716; x_wconf 86' lang='lat' dir='ltr'><strong>judicium</strong></span> <span class='ocrx_word' id='word_1_150' title='bbox 713 2639 888 2720; x_wconf 83' lang='lat' dir='ltr'><strong>sententia,</strong></span> <span class='ocrx_word' id='word_1_151' title='bbox 914 2645 1068 2728; x_wconf 73' lang='lat' dir='ltr'><strong>&#39;quamtis</strong></span> 
     </span>
     <span class='ocr_line' id='line_1_24' title="bbox 147 2745 1158 2836; baseline 0.006 -21"><span class='ocrx_word' id='word_1_152' title='bbox 147 2750 286 2836; x_wconf 81' lang='lat' dir='ltr'><strong>minoris</strong></span> <span class='ocrx_word' id='word_1_153' title='bbox 306 2745 532 2813; x_wconf 80' lang='lat' dir='ltr'><strong>condemnatio</strong></span> <span class='ocrx_word' id='word_1_154' title='bbox 553 2747 637 2808; x_wconf 79' lang='lat' dir='ltr'><strong>facta</strong></span> <span class='ocrx_word' id='word_1_155' title='bbox 658 2761 726 2829; x_wconf 85' lang='lat' dir='ltr'><strong>est,</strong></span> <span class='ocrx_word' id='word_1_156' title='bbox 749 2772 817 2813; x_wconf 90' lang='lat' dir='ltr'><strong>non</strong></span> <span class='ocrx_word' id='word_1_157' title='bbox 837 2749 967 2832; x_wconf 61' lang='lat' dir='ltr'><strong>adjectis</strong></span> <span class='ocrx_word' id='word_1_158' title='bbox 989 2777 1069 2820; x_wconf 84' lang='lat' dir='ltr'><strong>usn·</strong></span> <span class='ocrx_word' id='word_1_159' title='bbox 1156 2772 1158 2778; x_wconf 82' lang='grc'><em>’</em></span> 
     </span>
     <span class='ocr_line' id='line_1_25' title="bbox 149 2857 1069 2947; baseline 0.001 -18"><span class='ocrx_word' id='word_1_160' title='bbox 149 2863 215 2945; x_wconf 79' lang='lat' dir='ltr'><strong>tis,</strong></span> <span class='ocrx_word' id='word_1_161' title='bbox 238 2883 299 2926; x_wconf 89' lang='lat' dir='ltr'><strong>nec</strong></span> <span class='ocrx_word' id='word_1_162' title='bbox 318 2857 503 2947; x_wconf 81' lang='lat' dir='ltr'><strong>provocatio</strong></span> <span class='ocrx_word' id='word_1_163' title='bbox 523 2869 649 2940; x_wconf 75' lang='lat' dir='ltr'><strong>secuta,</strong></span> <span class='ocrx_word' id='word_1_164' title='bbox 671 2860 764 2924; x_wconf 84' lang='lat' dir='ltr'><strong>finita</strong></span> <span class='ocrx_word' id='word_1_165' title='bbox 783 2863 981 2935; x_wconf 76' lang='lat' dir='ltr'><strong>retractanda</strong></span> <span class='ocrx_word' id='word_1_166' title='bbox 1001 2887 1069 2932; x_wconf 91' lang='lat' dir='ltr'><strong>non</strong></span> 
     </span>
     <span class='ocr_line' id='line_1_26' title="bbox 149 2970 477 3039; baseline -0.009 0"><span class='ocrx_word' id='word_1_167' title='bbox 149 2970 268 3039; x_wconf 87' lang='lat' dir='ltr'><strong>sunt.’&#39;</strong></span> <span class='ocrx_word' id='word_1_168' title='bbox 470 2972 477 2983; x_wconf 81' lang='grc'><strong><em>”</em></strong></span> 
     </span>
    </p>

    <p class='ocr_par' dir='ltr' id='par_1_18' title="bbox 55 3078 1169 3171">
     <span class='ocr_line' id='line_1_27' title="bbox 55 3078 1169 3171; baseline 0.001 -22"><span class='ocrx_word' id='word_1_169' title='bbox 55 3080 370 3171; x_wconf 77' lang='lat' dir='ltr'><strong>Manifesfissimnm</strong></span> <span class='ocrx_word' id='word_1_170' title='bbox 392 3091 442 3144; x_wconf 88' lang='lat' dir='ltr'><strong>est</strong></span> <span class='ocrx_word' id='word_1_171' title='bbox 460 3078 513 3144; x_wconf 90' lang='lat' dir='ltr'><strong>his</strong></span> <span class='ocrx_word' id='word_1_172' title='bbox 534 3080 613 3144; x_wconf 85' lang='lat' dir='ltr'><strong>locis</strong></span> <span class='ocrx_word' id='word_1_173' title='bbox 634 3078 678 3162; x_wconf 81' lang='lat' dir='ltr'><strong>id,</strong></span> <span class='ocrx_word' id='word_1_174' title='bbox 701 3078 788 3168; x_wconf 91' lang='lat' dir='ltr'><strong>quod</strong></span> <span class='ocrx_word' id='word_1_175' title='bbox 807 3085 941 3168; x_wconf 82' lang='lat' dir='ltr'><strong>probare</strong></span> <span class='ocrx_word' id='word_1_176' title='bbox 963 3085 1070 3150; x_wconf 80' lang='lat' dir='ltr'><strong>consti</strong></span> <span class='ocrx_word' id='word_1_177' title='bbox 1167 3112 1169 3120; x_wconf 94' lang='lat'>·</span> 
     </span>
    </p>

    <p class='ocr_par' dir='ltr' id='par_1_19' title="bbox 59 3188 1116 3276">
     <span class='ocr_line' id='line_1_28' title="bbox 59 3188 1116 3276; baseline 0.002 -18"><span class='ocrx_word' id='word_1_178' title='bbox 59 3215 199 3270; x_wconf 79' lang='lat' dir='ltr'><strong>sumus,</strong></span> <span class='ocrx_word' id='word_1_179' title='bbox 221 3211 337 3258; x_wconf 80' lang='lat' dir='ltr'><strong>usuras</strong></span> <span class='ocrx_word' id='word_1_180' title='bbox 358 3188 559 3254; x_wconf 83' lang='lat' dir='ltr'><strong>accedereb.</strong></span> <span class='ocrx_word' id='word_1_181' title='bbox 583 3193 620 3257; x_wconf 84' lang='lat' dir='ltr'><strong>f.</strong></span> <span class='ocrx_word' id='word_1_182' title='bbox 629 3188 755 3271; x_wconf 87' lang='lat' dir='ltr'><strong>judiciis</strong></span> <span class='ocrx_word' id='word_1_183' title='bbox 776 3215 844 3256; x_wconf 92' lang='lat' dir='ltr'><strong>non</strong></span> <span class='ocrx_word' id='word_1_184' title='bbox 865 3195 1069 3276; x_wconf 76' lang='lat' dir='ltr'><strong>obligationis</strong></span> <span class='ocrx_word' id='word_1_185' title='bbox 1114 3264 1116 3270; x_wconf 16' lang='lat' dir='ltr'><em>A</em></span> 
     </span>
    </p>

    <p class='ocr_par' dir='ltr' id='par_1_20' title="bbox 55 3298 1070 3391">
     <span class='ocr_line' id='line_1_29' title="bbox 55 3298 1070 3391; baseline 0.003 -25"><span class='ocrx_word' id='word_1_186' title='bbox 55 3304 351 3391; x_wconf 65' lang='lat' dir='ltr'><strong>interpretatione,</strong></span> <span class='ocrx_word' id='word_1_187' title='bbox 374 3298 432 3364; x_wconf 88' lang='lat' dir='ltr'><strong>sed</strong></span> <span class='ocrx_word' id='word_1_188' title='bbox 454 3298 557 3366; x_wconf 86' lang='lat' dir='ltr'><strong>officio</strong></span> <span class='ocrx_word' id='word_1_189' title='bbox 577 3298 711 3389; x_wconf 86' lang='lat' dir='ltr'><strong>judicis,</strong></span> <span class='ocrx_word' id='word_1_190' title='bbox 732 3315 777 3366; x_wconf 89' lang='lat' dir='ltr'><strong>et</strong></span> <span class='ocrx_word' id='word_1_191' title='bbox 803 3306 872 3385; x_wconf 68' lang='lat' dir='ltr'><strong>sols</strong></span> <span class='ocrx_word' id='word_1_192' title='bbox 898 3306 1070 3390; x_wconf 78' lang='lat' dir='ltr'><strong>aequitate</strong></span> 
     </span>
    </p>

    <p class='ocr_par' dir='ltr' id='par_1_21' title="bbox 49 3398 1098 3724">
     <span class='ocr_line' id='line_1_30' title="bbox 55 3398 1098 3500; baseline -0.004 -18"><span class='ocrx_word' id='word_1_193' title='bbox 55 3398 184 3483; x_wconf 79' lang='lat' dir='ltr'><strong>omnis</strong></span> <span class='ocrx_word' id='word_1_194' title='bbox 195 3435 277 3480; x_wconf 77' lang='lat' dir='ltr'><strong>vero</strong></span> <span class='ocrx_word' id='word_1_195' title='bbox 288 3412 442 3494; x_wconf 79' lang='lat' dir='ltr'><strong>obligatio</strong></span> <span class='ocrx_word' id='word_1_196' title='bbox 453 3433 625 3475; x_wconf 82' lang='lat' dir='ltr'><strong>usurarum</strong></span> <span class='ocrx_word' id='word_1_197' title='bbox 637 3412 880 3498; x_wconf 82' lang='lat' dir='ltr'><strong>petendarum</strong></span> <span class='ocrx_word' id='word_1_198' title='bbox 869 3415 1020 3500; x_wconf 81' lang='lat' dir='ltr'><strong>mcepitn</strong></span> <span class='ocrx_word' id='word_1_199' title='bbox 1033 3435 1098 3478; x_wconf 82' lang='lat' dir='ltr'><strong>re</strong></span> 
     </span>
     <span class='ocr_line' id='line_1_31' title="bbox 49 3518 1068 3615; baseline -0.006 -22"><span class='ocrx_word' id='word_1_200' title='bbox 49 3525 224 3615; x_wconf 65' lang='lat' dir='ltr'><strong>judicata,</strong></span> <span class='ocrx_word' id='word_1_201' title='bbox 258 3521 345 3613; x_wconf 85' lang='lat' dir='ltr'><strong>qnod</strong></span> <span class='ocrx_word' id='word_1_202' title='bbox 374 3519 521 3603; x_wconf 83' lang='lat' dir='ltr'><strong>ejusdem</strong></span> <span class='ocrx_word' id='word_1_203' title='bbox 540 3524 604 3587; x_wconf 90' lang='lat' dir='ltr'><strong>loci</strong></span> <span class='ocrx_word' id='word_1_204' title='bbox 624 3524 722 3585; x_wconf 82' lang='lat' dir='ltr'><strong>verba</strong></span> <span class='ocrx_word' id='word_1_205' title='bbox 742 3527 911 3612; x_wconf 84' lang='lat' dir='ltr'><strong>perspicua</strong></span> <span class='ocrx_word' id='word_1_206' title='bbox 925 3518 1068 3590; x_wconf 80' lang='lat' dir='ltr'><strong>habent:</strong></span> 
     </span>
     <span class='ocr_line' id='line_1_32' title="bbox 101 3630 1071 3724; baseline -0.004 -21"><span class='ocrx_word' id='word_1_207' title='bbox 101 3660 191 3721; x_wconf 86' lang='lat' dir='ltr'><strong>„nec</strong></span> <span class='ocrx_word' id='word_1_208' title='bbox 211 3655 330 3703; x_wconf 83' lang='lat' dir='ltr'><strong>usurae</strong></span> <span class='ocrx_word' id='word_1_209' title='bbox 351 3630 450 3700; x_wconf 89' lang='lat' dir='ltr'><strong>ullo&#39;</strong></span> <span class='ocrx_word' id='word_1_210' title='bbox 439 3654 510 3716; x_wconf 84' lang='lat' dir='ltr'><strong>Jure</strong></span> <span class='ocrx_word' id='word_1_211' title='bbox 530 3635 744 3724; x_wconf 83' lang='lat' dir='ltr'><strong>postulentur,</strong></span> <span class='ocrx_word' id='word_1_212' title='bbox 765 3636 830 3699; x_wconf 87' lang='lat' dir='ltr'><strong>nisi</strong></span> <span class='ocrx_word' id='word_1_213' title='bbox 851 3657 870 3699; x_wconf 90' lang='lat' dir='ltr'><strong>e</strong></span> <span class='ocrx_word' id='word_1_214' title='bbox 892 3636 995 3701; x_wconf 82' lang='lat' dir='ltr'><strong>censis</strong></span> <span class='ocrx_word' id='word_1_215' title='bbox 1016 3638 1071 3718; x_wconf 82' lang='lat' dir='ltr'><strong>ju-</strong></span> 
     </span>
    </p>
   </div>
   <div class='ocr_carea' id='block_1_3' title="bbox 100 3746 240 3825">
    <p class='ocr_par' dir='ltr' id='par_1_22' title="bbox 100 3746 240 3825">
     <span class='ocr_line' id='line_1_33' title="bbox 100 3746 240 3825; baseline -0.007 -9"><span class='ocrx_word' id='word_1_216' title='bbox 100 3746 240 3825; x_wconf 54' lang='lat' dir='ltr'><strong>dican?</strong></span> 
     </span>
    </p>
   </div>
   <div class='ocr_carea' id='block_1_4' title="bbox 1077 1281 1086 1320">
    <p class='ocr_par' dir='ltr' id='par_1_23' title="bbox 1077 1281 1086 1320">
     <span class='ocr_line' id='line_1_34' title="bbox 1077 1281 1086 1320; baseline 0 0"><span class='ocrx_word' id='word_1_217' title='bbox 1077 1281 1086 1320; x_wconf 83' lang='lat' dir='ltr'><strong>l</strong></span> 
     </span>
    </p>
   </div>
   <div class='ocr_carea' id='block_1_5' title="bbox 0 0 1219 4328">
    <p class='ocr_par' dir='ltr' id='par_1_24' title="bbox 0 0 1219 4328">
     <span class='ocr_line' id='line_1_35' title="bbox 0 0 1219 4328; baseline 0 0"><span class='ocrx_word' id='word_1_218' title='bbox 0 0 1219 4328; x_wconf 95' lang='lat' dir='ltr'><strong> </strong></span> 
     </span>
    </p>
   </div>
  </div>
 </body>
</html>
