2400 4328
480 176 712 246 ...269-

89 369 267 445 venturum
287 354 380 424 infra,
391 350 545 417 lectorem
564 348 725 438 praedico,
747 370 790 415 ne
809 352 872 415 hoc
891 351 963 417 ioco
983 350 1095 442 diupu-

90 470 185 538 tasae'
200 470 271 533 aine
291 466 416 529 ratione
435 461 557 527 uidear.
1019 535 1030 558 ο

150 620 153 625 -
176 578 291 664 Atque
312 575 392 639 haec
413 571 543 659 quidem
562 572 616 637 hia
635 571 761 651 verbio,
789 572 895 658 quivis
917 583 954 636 ut
972 574 1097 638 intelli·-

91 705 159 777 gat,·
175 690 346 778 proprium
362 684 637 753 centumvirorum
650 702 769 747 munuc
788 682 908 781 fuisso·
922 694 956 746 et
973 683 1096 765 adeeee,

91 816 124 871 ot
143 818 298 891 praeesse
319 796 531 859 auctionibus.
572 793 754 881 Impropria
773 793 872 874 igitur
891 804 967 857 sunt
985 815 1098 859 eorum

91 913 232 998 judicia,
263 930 323 973 nec
348 909 419 970 iere
448 905 568 968 usitata
594 905 660 967 nisi
679 915 784 968 aetate
805 901 1013 990 procedente,
1040 905 1098 968 ubi

92 1020 271 1089 multitudo
298 1036 466 1081 musarum
493 1013 666 1097 litiumque
694 1032 772 1076 sana
799 1012 995 1078 adcreverat.
1046 1012 1100 1078 Ac

77 1134 254 1217 ‚nimirum
271 1128 306 1193 id
327 1127 532 1213 perspicuum
553 1122 696 1205 arbitror,
717 1125 882 1187 neminem
900 1125 1099 1206 litigatorum

95 1261 228 1306 caueam
256 1236 408 1304 detulisse
432 1235 478 1309 ‚ad
507 1234 741 1313 centumviros,
773 1235 837 1297 nisi
864 1237 1100 1321 cumprimum

98 1353 164 1417 alia
189 1348 336 1413 deiiceret
363 1347 447 1411 ratio
474 1364 546 1409 rem
565 1340 769 1430 expediendi.
814 1341 913 1426 Quod
933 1347 1019 1409 ¹effici
1038 1366 1100 1433 po-

94 1470 180 1527 terat
199 1452 302 1523 caucia¹
322 1455 543 1534 contemnitis,
565 1475 601 1517 ac
620 1455 775 1542 pervariis
796 1446 949 1540 quidem}
973 1459 1040 1536 ita,
1063 1468 1100 1524 ut

94 1572 220 1639 mirum
248 1589 315 1651 nou
342 1569 402 1647 sit,
430 1566 460 1630 ei
488 1550 691 1631 claseicorum
716 1578 882 1629 auctorum
909 1576 1015 1630 aetate
1043 1588 1100 1631 eoa

93 1682 239 1766 judices,
267 1681 430 1764 batosque
461 1673 726 1755 adjudicandum
748 1676 811 1743 dici
831 1678 1011 1763 reperimus
1034 1676 1100 1762 ¹⁹).

96 1792 169 1858 Hoc
191 1790 280 1853 enim
294 1776 576 1874 'tempore‘eorum
596 1786 722 1865 judicia.
734 1790 770 1853 in
790 1792 885 1853 rebus
900 1791 1102 1876 'privatorum

97 1902 242 1992 perbene
262 1894 405 1999 adhiberi
423 1907 574 1985 poterant
602 1909 712 2005 contra
729 1901 874 1987 priorem
894 1878 1102 1965 consuetudi-

98 2034 188 2099 nem.
233 2007 456 2075 Gantumviroa
477 2019 585 2071 autem
606 2031 678 2072 cum
694 2011 871 2077 habeamus
891 2013 981 2077 viros
1001 2012 1103 2077 totius
1194 2014 1197 2019 “

98 2121 235 2212 populi,
267 2141 304 2183 ac
337 2120 440 2183 certos
469 2140 546 2183 sane
573 2121 609 2183 in
628 2122 756 2202 longius
776 2123 929 2207 temporis
946 2122 1102 2218 epatium,

56 2264 59 2269 ·
103 2235 149 2297 iia
169 2250 400 2314 nonnunquam
418 2252 470 2294 res
492 2227 682 2293 decidendas
704 2250 774 2293 esse
794 2233 930 2311 relictas,
946 2252 1009 2317 quo
1028 2254 1106 2296 auc-

104 2340 237 2414 toritate
258 2331 400 2424 quadan
413 2340 488 2405 lites
512 2351 756 2429 componerent,
777 2341 813 2403 in
832 2362 868 2404 re
887 2339 983 2404 dubia
1004 2342 1107 2406 animi

107 2429 501 2538 conjecturamlcaperent,
525 2453 753 2539 eligerentquc,
776 2448 854 2537 quid
874 2454 1034 2538 optimum
1052 2472 1107 2523 eo·

50 2576 53 2581 '
104 2566 176 2642 aet3
198 2558 421 2640 deliberando,
450 2563 527 2649 quid
546 2553 711 2630 minimi
732 2546 861 2653 Etenim
881 2564 1010 2627 valebat
1030 2582 1106 2625 sen·
1159 2634 1163 2641 ¹

97 2673 210 2747 ‚tentia
229 2693 343 2739 eorum
364 2676 568 2756 auctoritate,
597 2689 693 2763 atqua
719 2684 876 2755 concensu
904 2675 1017 2765 populi
1035 2671 1106 2741 tto-

104 2868 310 2892 m

110 2991 164 3060 ¹⁹)
181 2986 290 3051 Fertur,
307 2958 357 3039 ubi
375 2980 410 3040 de
424 2987 664 3047 centumuirorum
680 2989 817 3053 electione
832 2992 927 3057 tradit,
944 2993 1028 3049 rimnl
1043 3008 1109 3048 aar·
1155 2983 1158 2990 ’

151 3131 154 3136 ,
179 3088 226 3133 rat
247 3076 349 3132 eiectae
372 3076 426 3134 hor
446 3078 522 3134 uires
544 3079 579 3134 ad
601 3082 791 3152 judicandum.
831 3083 934 3139 Narrat
957 3092 1051 3137 antem
1074 3081 1110 3139 de

178 3182 320 3243 tempore,
344 3187 401 3242 quo
421 3169 513 3224 tribur
533 3172 591 3242 jam
616 3156 722 3231 XXXV
743 3175 868 3234 fuerunt.
923 3162 1010 3245 Quod
1031 3171 1111 3229 tacit·

180 3261 380 3323 concesserim
398 3279 465 3315 nam
481 3260 534 3317 hac
551 3270 649 3331 aetate,
665 3266 700 3320 de
711 3283 767 3338 qna
782 3265 857 3337 apud
873 3273 1016 3319 auctorem
1032 3279 1110 3319 men·

180 3354 222 3408 tio
238 3361 293 3416 eet,
313 3352 477 3422 judicavisse
501 3357 689 3411 centumviros
704 3366 795 3411 'nemo
818 3354 900 3409 facile
916 3354 1068 3424 dubitabit,
1083 3358 1113 3408 et

130 3488 137 3497 .
181 3441 282 3516 quiin
296 3454 392 3498 noatra
408 3445 463 3500 erit
479 3447 625 3503 cententio.
658 3448 765 3502 Tamen
788 3463 855 3500 vero
878 3463 925 3501 eor
942 3457 1055 3503 tautum
1068 3445 1112 3517 iu·

69 3606 72 3610 Ι
182 3537 257 3591 dices
274 3534 361 3591 ioiare
376 3534 475 3605 lectae,
499 3538 596 3593 exinde
618 3537 723 3608 fingere
745 3538 844 3609 nequis
864 3536 950 3602 uelit,
971 3555 1063 3613 neque
1080 3552 1112 3591 ex

159 3690 164 3697 ,
182 3625 328 3685 Ciceronis
351 3638 562 3702 ceterorumque
586 3632 757 3702 reciprocum
780 3628 966 3696 testimoniis,
988 3646 1060 3703 quae
1078 3625 1113 3683 de

181 3737 280 3776 eorum
302 3718 415 3788 judiciis
436 3720 470 3774 in
494 3722 584 3776 carteia
608 3726 784 3794 privatorum
801 3728 880 3776 eunte
913 3738 946 3774 er
963 3722 1066 3794 quibua
1082 3717 1113 3773 id

181 3811 330 3865 indubium
348 3807 478 3876 habebit,
503 3800 692 3869 eentumviroe
718 3811 899 3871 morborum
915 3824 1051 3871 autorum
1067 3828 1114 3866 ae-

181 3911 237 3957 tate
252 3902 284 3957 in
300 3904 418 3977 privatio
436 3902 546 3974 judiciis
562 3902 713 3987 adhibitae.
