2400 4328
429 196 481 246 ,-
522 158 587 229 127
626 196 671 214 ·-

47 299 201 441 quitum,
220 353 278 407 eut
298 336 455 423 judicium
474 331 711 425 impugnando,
735 334 764 400 si
785 354 848 424 qun
868 328 964 403 muso
984 348 1053 407 etet

49 471 192 547 justene
212 451 333 521 idoneo
354 452 421 532 ²¹).
1109 449 1113 462 ·

491 644 517 727 t.
561 639 633 709 17.-

133 788 189 855 De
218 786 318 855 tertio
346 780 533 847 discrimine
560 779 646 844 inter
670 776 814 843 actiones
841 779 873 846 b.
893 781 920 848 f.
948 793 983 846 et
1002 788 1058 849 sti.

48 910 113 987 jur.
126 891 447 967 commemorandum
459 901 526 968 est,
541 895 671 976 jamque
683 887 723 953 de
733 892 1056 978 compensationibus,

49 1016 171 1103 quibus
191 1032 243 1076 res
263 1005 376 1074 nostra'
397 1005 639 1091 comprobatur,
662 1000 778 1066 dicturi
798 1023 921 1070 sumus.
964 1003 1060 1070 Dilu.

54 1124 130 1189 cido
159 1132 267 1188 autem
296 1118 322 1199 b.
346 1113 401 1182 30.
428 1116 458 1180 J.
489 1114 530 1178 de
550 1117 668 1178 action.
690 1111 900 1198 dictumest,
922 1118 958 1180 in
977 1120 1010 1181 b.
1032 1119 1058 1185 i.

55 1234 195 1318 negotiis
223 1227 495 1319 compensationis
529 1226 690 1292 rationem
716 1225 839 1290 haberi.
903 1226 989 1295 itam
1016 1228 1062 1293 sie

54 1349 197 1430 legitur:

100 1459 169 1541 „in
199 1477 264 1543 quo
291 1462 325 1516 et
351 1445 435 1514 illud
466 1449 663 1528 continetur,
691 1458 746 1529 ut,
776 1435 903 1536 siquid
923 1449 1064 1514 invicem

63 1573 69 1586 '
96 1567 258 1656 praestari
275 1556 422 1649 ‚odorem
442 1573 606 1649 oporteat,
630 1581 669 1624 eo
690 1570 909 1646 compensato,
930 1560 967 1622 in
987 1560 1065 1624 reli-

101 1698 206 1765 quum
223 1678 265 1757 is,
287 1696 361 1739 cnm
383 1693 447 1758 quo
468 1683 576 1734 netum
596 1682 662 1750 est,
685 1667 782 1733 debet
802 1671 1002 1755 compensari
1012 1667 1044 1754 ;”

60 1788 217 1873 idemque
236 1788 351 1873 probet
371 1784 397 1864 i.
422 1780 475 1846 39.
499 1781 529 1845 J.
551 1780 634 1862 eod,
657 1782 713 1844 ubi
733 1783 813 1845 haec
834 1793 929 1845 sunt:

106 1898 417 1986 „Compensationee
448 1913 576 1979 quoque
596 1894 762 1979 oppositae
781 1895 971 1982 plerumque
993 1893 1068 1958 effi-

108 2014 204 2092 ciunt,
226 2021 265 2076 nt
285 2010 393 2073 minus
414 2006 549 2091 quisque
571 2015 801 2090 consequatur,
830 2027 928 2091 quam
955 2003 1067 2069 eide·

103 2126 229 2189 beatur·
269 2120 419 2204 Namque
439 2134 483 2181 ex
498 2118 585 2182 bono
613 2125 647 2185 es
673 2136 776 2201 aequo
806 2117 1069 2183 habitatatione

65 2278 273 2307 ..n-dh·-

64 2382 1071 2465 1²)nocuenuncadeuembivttuur,quopaucisverbimttonenju·
1156 2348 1177 2421 Ι

141 2478 208 2536 dieii
215 2478 248 2535 de
255 2497 296 2544 eo,
304 2477 464 2552 quodcerto
477 2481 540 2535 loco
548 2479 609 2534 deri
615 2490 766 2552 oporteret,
773 2479 950 2535 conficerem.
966 2480 1073 2552 Siquis

136 2571 315 2648 promiserat,
331 2587 362 2626 se
379 2581 456 2626 certo
471 2571 537 2627 ioco
554 2571 705 2640 daturum,
721 2572 869 2629 tenebatur
883 2573 984 2629 stricto
997 2570 1073 2644 iudi·

135 2667 181 2723 cio
197 2664 236 2721 sd
252 2663 394 2721 dendume
412 2680 464 2719 nes
480 2662 536 2719 elio
553 2664 617 2720 loco
633 2665 692 2736 peti
708 2675 827 2737 poteret.
845 2667 962 2722 Postero
980 2676 1073 2737 sotem

135 2768 265 2831 tempore
285 2757 380 2813 risum
399 2763 442 2809 est
455 2773 592 2829 aequum,
616 2774 653 2811 ne
675 2767 734 2812 tem
756 2760 853 2814 stricte
868 2759 942 2814 ratio
957 2756 1076 2815 hebere-

139 2857 206 2916 tur,
223 2858 254 2925 et
276 2847 426 2921 propriam
442 2848 581 2904 actionem
604 2860 709 2904 veteres
730 2849 919 2906 introduxisse
941 2849 1076 2919 ridemus,

41 2978 48 3003 ,
139 2936 177 2995 sd
200 2956 260 2995 rem
283 2939 457 3014 promissam
473 2940 530 2996 elio
546 2941 610 2996 ioco
627 2941 825 3014 accipiendam.
858 2944 987 3012 Haecque
1002 2940 1076 2996 ectio

42 3068 49 3091 ‚
136 3048 258 3105 prorsus
274 3032 384 3087 inutilis
401 3033 507 3087 eratin
524 3033 552 3090 b.
572 3033 594 3088 f.
610 3033 736 3104 judiciis,
758 3036 807 3089 ubi
831 3035 885 3103 jem
903 3043 968 3086 ante
983 3033 1078 3105 seqni-

13 3126 17 3135 '
137 3123 208 3205 tetis
222 3124 297 3181 rstio
314 3123 488 3190 hebebature
504 3125 541 3180 ei.
557 3125 678 3181 Panium
695 3126 716 3183 l.
728 3118 756 3182 7.
771 3142 818 3199 pr.
835 3124 873 3182 D.
890 3123 924 3178 de
941 3141 975 3178 eo
992 3122 1078 3196 qnod,

140 3214 182 3271 its
197 3214 392 3271 exhibentem
412 3216 469 3281 „in
487 3216 516 3272 b.
534 3216 556 3270 f.
572 3217 684 3288 judiciis
708 3217 818 3272 etiarnsi
840 3217 872 3271 in
888 3214 1079 3273 contrahendo

95 3362 101 3371 ,
143 3309 291 3377 convente,
308 3317 343 3363 nt
359 3318 436 3362 certo
453 3306 520 3364 loco
538 3307 608 3382 quid
624 3318 789 3383 praestetur,
807 3324 842 3366 ex
858 3319 935 3365 emto
950 3309 995 3365 vel
1011 3327 1079 3366 ven·

139 3394 203 3455 dito
223 3398 268 3455 rel
294 3398 417 3473 depositi
431 3399 542 3455 notione
557 3401 644 3472 petit:
660 3419 721 3457 non
737 3401 921 3459 arbitrariam
954 3400 995 3459 At
1010 3420 1079 3461 vero

136 3488 210 3547 haec
226 3490 377 3547 arbitreris
402 3490 475 3547 ectio
499 3493 654 3547 necessaria
671 3503 730 3549 erut
745 3494 777 3548 in
794 3494 898 3549 strictis
911 3495 1081 3562 amonitus,

135 3580 217 3659 quod
240 3584 309 3639 satis
333 3582 442 3639 dictum
464 3592 507 3639 est
522 3587 549 3651 ς.
566 3583 594 3641 1.
611 3582 695 3656 hujus
712 3584 797 3655 legire
820 3586 878 3654 „Si
894 3595 990 3641 temen
1005 3594 1083 3642 certo

132 3673 203 3733 loco
230 3675 404 3732 traditurum
429 3674 538 3747 eequis
561 3675 712 3748 stipuletur
736 3677 782 3741 sit,
799 3675 852 3733 bec
870 3677 981 3733 actione
997 3688 1083 3735 uten-
1116 3673 1121 3687 “

131 3764 207 3825 dum
232 3764 324 3839 erib'f
361 3765 406 3822 Cf.
423 3767 450 3834 b.
467 3762 511 3822 33.
535 3765 563 3821 J.
579 3764 614 3821 de
630 3767 763 3826 acuonib.
797 3769 1012 3842 Nonnunqutrn
1036 3777 1081 3823 ts·
1133 3778 1136 3786 '

129 3876 201 3917 nen
223 3856 411 3917 sdbibeisstnr
434 3856 465 3913 in
487 3842 644 3913 srhitnriis
664 3857 791 3933 judiciis,
811 3859 850 3917 ci.
869 3862 890 3919 Ι.
904 3858 933 3923 5.
955 3856 1079 3929 Μῶα

124 3951 206 4027 qnod
222 3952 270 4013 rix
285 3958 388 4036 eontrs
404 3948 544 4008 udonem
560 3967 660 4008 eorum
677 3960 758 4029 esset,
