2400 4328
412 155 714 223 ‚mtto-

46 325 51 336 '
90 330 231 415 negotiis
261 336 337 392 aute
360 325 518 406 iudiciuin
549 329 622 394 reru
639 331 856 418 pervettigare
876 333 1026 412 solitum,
1057 346 1094 396 ut

94 444 272 523 litigatores
295 437 493 527 admoneret,
515 461 557 503 ne
578 442 670 505 litem
692 444 887 529 inciperent,
910 454 966 506 aut
984 445 1096 529 incap-
1186 432 1188 443 ’

94 567 160 619 tani
182 573 224 617 oe
246 548 286 613 od
308 550 410 613 finem
429 548 649 636 perducerent.
696 552 793 634 Quod
812 575 917 640 neque
937 555 1095 633 hocloco,
1116 608 1121 621 ,

93 662 200 751 neque
222 662 295 725 alio
317 682 460 745 unquam
481 661 686 756 testimonio,
710 667 923 754 probatum
903 666 974 729 erit.
1016 664 1099 729 Fru-

91 788 158 842 stra
180 794 261 838 vero
283 768 436 836 adniteris
463 774 616 857 probare,
644 775 807 857 litigantes
833 788 961 840 tantum
987 779 1024 840 iu
1048 777 1099 841 his

93 885 222 968 judiciis
244 884 343 947 alite
365 880 514 947 recedere
518 887 702 973 potuisse,
734 889 763 948 si
784 884 914 972 quidem
935 898 1011 951 ante
1030 909 1100 951 rem

95 997 319 1098 judicatum
294 1016 335 1058 ex
357 993 487 1056 arbitrio
480 993 707 1108 judicissibi
727 999 966 1061 satisfacerent
986 993 1032 1081 ¹²).
1060 998 1101 1064 In

100 1093 251 1175 omuibus
272 1106 371 1170 enim
380 1057 507 1183 judiciis
527 1105 690 1186 litigantes
710 1129 729 1170 a
750 1107 809 1170 lite
828 1108 992 1171 remittere
1007 1120 1096 1195 pote
1168 1153 1172 1161 ·

103 1230 193 1298 rant,
215 1218 269 1282 vel
290 1206 506 1302 paciscendo,
521 1217 576 1280 vel
597 1215 811 1299 transigendo,
833 1216 1008 1282 dummodo
1029 1232 1103 1283 ante

103 1351 174 1394 rem
193 1327 377 1409 judicatam
405 1325 467 1387 sibi
495 1326 660 1392 suffecturi
688 1333 797 1393 essent
823 1327 874 1412 ⁵):
918 1341 954 1393 ut
973 1351 1104 1415 prorsus

103 1441 187 1505 nihil
208 1442 280 1503 loco
303 1437 402 1499 citato
422 1434 600 1500 eruendum
621 1406 785 1519 rideatur,
814 1460 877 1524 quo
900 1442 1118 1545 arbitrariae
1153 1469 1155 1471 >

101 1555 207 1615 bonae
227 1548 304 1612 fidei
327 1557 361 1609 et
382 1545 499 1608 strictis
518 1530 645 1625 judiciis
667 1549 854 1631 distingues.

188 1658 254 1724 Sed
272 1655 391 1743 nequid
406 1653 533 1718 diutius
553 1658 637 1719 his
626 1681 855 1739 immoremur,
887 1659 1015 1724 omissis
1036 1660 1106 1724 sin-
1163 1716 1172 1742 „

106 1746 212 1850 δῶ,
231 1790 311 1855 quae
331 1769 367 1831 in
388 1769 485 1830 aliam
508 1765 547 1826 ab
567 1766 639 1830 aliie
658 1773 851 1851 sententiam
869 1773 1010 1856 torqueri
1031 1793 1108 1856 pos-

108 1881 184 1960 sint,
208 1881 362 1956 breriter,
387 1876 472 1965 quod
493 1877 609 1952 sentio,
631 1884 814 1970 proloquar.
857 1881 1027 1968 Proprium
1047 1884 1107 1946 hoe

106 2001 178 2080 erat
199 1993 362 2056 actionum
384 2009 505 2071 genus:
535 2009 641 2076 neque
663 2015 736 2057 cum
758 1996 861 2057 bonne
879 1991 973 2073 fidei,
1001 2015 1107 2080 neque

104 2125 181 2168 oum
213 2106 330 2168 strictis
359 2102 488 2184 judiciis
514 2099 730 2167 miscendum.
774 2099 813 2167 Id
840 2099 882 2164 ad
908 2125 983 2168 rem
1003 2106 1109 2191 expli-

46 2236 49 2240 *
109 2213 246 2278 eandam
264 2213 420 2278 sufficere
448 2210 554 2280 credo.
596 2213 728 2276 Nullam
750 2213 838 2275 enirn
852 2213 1003 2293 regulam
1017 2213 1110 2280 ¹arbi-

111 2324 222 2387 trariis
251 2323 390 2403 negotiis
413 2326 527 2389 inesse
560 2344 765 2407 commupem
796 2318 973 2399 contendo,
1006 2343 1111 2406 neque

109 2454 262 2516 causam,
275 2454 388 2521 'neque
408 2433 644 2501 necessitatem
655 2428 798 2519 unquam
810 2429 976 2497 Romanu
997 2433 1110 2512 fuisse,

108 2726 146 2794 ⁴)
165 2721 199 2777 lo
217 2712 303 2792 quam
322 2720 490 2776 sententiam
507 2710 578 2776 addi
588 2723 678 2794 possit
694 2721 713 2778 ι.
732 2721 774 2778 14.
792 2725 819 2790 ς.
835 2718 863 2777 4.
880 2719 918 2776 D.
934 2715 1009 2792 qnod
1025 2725 1117 2774 metus

185 2829 285 2867 caum
307 2813 409 2888 „Haeo
426 2814 499 2866 actio
516 2829 580 2867 cuni
597 2814 745 2868 arbitraria
763 2814 816 2877 ιιι,
840 2811 926 2866 habet
947 2828 1012 2866 reur
1028 2808 1117 2865 licen·

175 2903 252 2961 ‚dan
268 2903 409 2974 usquead
427 2905 594 2959 sententiam
612 2905 647 2960 ali
663 2906 771 2960 arbitro
790 2905 884 2958 datam
895 2902 1117 2968 restitutionem,
1139 2896 1140 2901 ’

185 2994 339 3056 seeundum
363 2993 438 3067 quod
462 2995 706 3068 supradiximus,
731 2995 773 3050 rei
798 2996 907 3061 lacem,
926 2991 1004 3063 quod
1017 2992 1042 3047 ri
1057 2995 1119 3048 nou

186 3085 290 3151 lecerit,
314 3087 375 3157 jure
391 3087 550 3161 meritoque
567 3087 717 3160 quadrupli
733 3083 997 3142 condemnationem
1009 3091 1128 3160 patere*

108 3160 117 3179 x
185 3187 242 3232 tur.
252 3178 272 3212 ”
307 3177 432 3232 Poenam
455 3164 605 3251 quadrupli
627 3179 700 3248 nihil
721 3179 873 3251 proprium
896 3181 955 3228 erat
975 3172 1006 3225 ιιι
1022 3173 1120 3228 celeria

148 3297 152 3303 ·
185 3264 342 3323 ιιιιιιιιιιίι
363 3269 490 3340 judiciis:
518 3287 612 3325 caveas
637 3271 737 3341 igitur,
764 3287 800 3323 ne
820 3265 978 3340 graviorem
999 3282 1122 3337 poenam

185 3363 336 3445 proprium
350 3359 434 3416 fuisse
453 3361 556 3415 horum
573 3360 744 3442 judiciorum
761 3377 890 3417 censeas..
937 3390 940 3395 ·
1164 3356 1167 3360 ’

38 3482 41 3489 ·
115 3458 199 3528 Ἣ.
218 3455 270 3511 ult.
288 3454 316 3509 J.
335 3452 368 3507 de
385 3462 493 3525 perpet.
511 3461 540 3507 et
555 3462 677 3525 tempor.
693 3452 814 3506 action..
839 3447 968 3523 „quodsi
982 3453 1124 3505 soterem

153 3545 363 3622 indicatam
355 3561 388 3609 rs,
407 3562 472 3598 cum
488 3560 547 3616 qno
563 3546 664 3616 agitur,
681 3545 748 3599 satia
766 3543 848 3598 iaciat
864 3541 962 3609 actori,
973 3540 1090 3597 officio
1081 3559 1125 3606 ιιι-

190 3635 259 3691 dieis
276 3635 408 3690 convenit
425 3653 490 3689 eum
510 3635 667 3698 absolvere,
690 3635 754 3688 licet
769 3633 869 3706 judicia
886 3631 1039 3707 accipiendi
1056 3641 1128 3687 tem-

189 3744 260 3800 pore
281 3727 313 3780 ιιι
338 3744 370 3781 ea
393 3742 475 3782 cunm
493 3725 608 3792 luisset,
630 3735 664 3780 ut
680 3725 807 3780 damnari
820 3724 939 3791 debeat,
962 3724 991 3783 ιι.
1008 3741 1033 3779 e.
1051 3719 1128 3794 qnod

193 3819 276 3890 rnlg'o
294 3817 416 3884 dicitnr,
432 3818 528 3873 omnia
543 3816 647 3891 judicia
664 3813 836 3874 absolutoria
852 3805 955 3879 eruesti
978 3812 1025 3871 cf.
1043 3813 1130 3882 Gaius

195 3908 330 3976 iv.1tt.
