<?xml version="1.0" encoding="UTF-8"?>
<!DOCTYPE html PUBLIC "-//W3C//DTD XHTML 1.0 Transitional//EN"
    "http://www.w3.org/TR/xhtml1/DTD/xhtml1-transitional.dtd">
<html xmlns="http://www.w3.org/1999/xhtml" xml:lang="en" lang="en">
 <head>
  <title>
</title>
<meta http-equiv="Content-Type" content="text/html;charset=utf-8" />
  <meta name='ocr-system' content='tesseract 3.04.00' />
  <meta name='ocr-capabilities' content='ocr_page ocr_carea ocr_par ocr_line ocrx_word'/>
</head>
<body>
  <div class='ocr_page' id='page_1' title='image "./dejudicibusapud00tigegoog_0077.png"; bbox 0 0 2400 4328; ppageno 0'>
   <div class='ocr_carea' id='block_1_1' title="bbox 507 118 770 215">
    <p class='ocr_par' dir='ltr' id='par_1_1' title="bbox 507 118 770 215">
     <span class='ocr_line' id='line_1_1' title="bbox 507 118 770 215; baseline -0.019 -12"><span class='ocrx_word' id='word_1_1' title='bbox 507 118 770 215; x_wconf 36' lang='lat' dir='ltr'><strong>...ee-¹</strong></span> 
     </span>
    </p>
   </div>
   <div class='ocr_carea' id='block_1_2' title="bbox 18 283 1197 2739">
    <p class='ocr_par' dir='ltr' id='par_1_2' title="bbox 18 283 1197 2739">
     <span class='ocr_line' id='line_1_2' title="bbox 127 283 1140 411; baseline 0.003 -27"><span class='ocrx_word' id='word_1_2' title='bbox 127 318 173 402; x_wconf 83' lang='lat' dir='ltr'><strong>ris</strong></span> <span class='ocrx_word' id='word_1_3' title='bbox 192 316 411 401; x_wconf 84' lang='lat' dir='ltr'><strong>jurisdictione</strong></span> <span class='ocrx_word' id='word_1_4' title='bbox 432 322 590 405; x_wconf 75' lang='lat' dir='ltr'>originem</span> <span class='ocrx_word' id='word_1_5' title='bbox 612 283 834 411; x_wconf 50' lang='lat' dir='ltr'><strong>recepissent;</strong></span> <span class='ocrx_word' id='word_1_6' title='bbox 859 321 966 409; x_wconf 84' lang='lat' dir='ltr'><strong>primo</strong></span> <span class='ocrx_word' id='word_1_7' title='bbox 984 331 1140 410; x_wconf 81' lang='lat' dir='ltr'><strong>tempore</strong></span> 
     </span>
     <span class='ocr_line' id='line_1_3' title="bbox 128 432 1140 521; baseline 0.002 -25"><span class='ocrx_word' id='word_1_8' title='bbox 128 433 206 511; x_wconf 77' lang='lat' dir='ltr'><strong>juris</strong></span> <span class='ocrx_word' id='word_1_9' title='bbox 235 434 349 497; x_wconf 88' lang='lat' dir='ltr'><strong>scienti</strong></span> <span class='ocrx_word' id='word_1_10' title='bbox 374 435 559 516; x_wconf 72' lang='lat' dir='ltr'><strong>incognitae</strong></span> <span class='ocrx_word' id='word_1_11' title='bbox 587 447 700 499; x_wconf 85' lang='lat' dir='ltr'><strong>erant:</strong></span> <span class='ocrx_word' id='word_1_12' title='bbox 736 432 825 499; x_wconf 86' lang='lat' dir='ltr'><strong>unde</strong></span> <span class='ocrx_word' id='word_1_13' title='bbox 844 435 1054 521; x_wconf 86' lang='lat' dir='ltr'><strong>perspicuum</strong></span> <span class='ocrx_word' id='word_1_14' title='bbox 1084 436 1140 516; x_wconf 80' lang='lat' dir='ltr'><strong>sit,</strong></span> 
     </span>
     <span class='ocr_line' id='line_1_4' title="bbox 130 540 1145 639; baseline 0.004 -32"><span class='ocrx_word' id='word_1_15' title='bbox 130 541 413 639; x_wconf 78' lang='lat' dir='ltr'><strong>praescribendum</strong></span> <span class='ocrx_word' id='word_1_16' title='bbox 434 540 535 616; x_wconf 78' lang='lat' dir='ltr'><strong>fuisse</strong></span> <span class='ocrx_word' id='word_1_17' title='bbox 554 545 595 610; x_wconf 84' lang='lat' dir='ltr'><strong>id·</strong></span> <span class='ocrx_word' id='word_1_18' title='bbox 608 545 717 627; x_wconf 85' lang='lat' dir='ltr'><strong>judici,</strong></span> <span class='ocrx_word' id='word_1_19' title='bbox 740 543 827 634; x_wconf 90' lang='lat' dir='ltr'><strong>quod</strong></span> <span class='ocrx_word' id='word_1_20' title='bbox 846 547 918 631; x_wconf 88' lang='lat' dir='ltr'><strong>ipse</strong></span> <span class='ocrx_word' id='word_1_21' title='bbox 937 546 1066 626; x_wconf 83' lang='lat' dir='ltr'><strong>legibus</strong></span> <span class='ocrx_word' id='word_1_22' title='bbox 1079 546 1145 611; x_wconf 72' lang='lat' dir='ltr'><strong>im-</strong></span> 
     </span>
     <span class='ocr_line' id='line_1_5' title="bbox 132 656 1146 746; baseline 0.003 -26"><span class='ocrx_word' id='word_1_23' title='bbox 132 657 227 720; x_wconf 90' lang='lat' dir='ltr'><strong>butus</strong></span> <span class='ocrx_word' id='word_1_24' title='bbox 248 657 403 736; x_wconf 85' lang='lat' dir='ltr'><strong>nesciret,</strong></span> <span class='ocrx_word' id='word_1_25' title='bbox 432 667 470 721; x_wconf 93' lang='lat' dir='ltr'><strong>ut</strong></span> <span class='ocrx_word' id='word_1_26' title='bbox 490 658 590 746; x_wconf 86' lang='lat' dir='ltr'><strong>etiarn</strong></span> <span class='ocrx_word' id='word_1_27' title='bbox 611 658 755 739; x_wconf 78' lang='lat' dir='ltr'><strong>neglecta</strong></span> <span class='ocrx_word' id='word_1_28' title='bbox 782 656 862 737; x_wconf 84' lang='lat' dir='ltr'><strong>juris</strong></span> <span class='ocrx_word' id='word_1_29' title='bbox 883 656 994 719; x_wconf 88' lang='lat' dir='ltr'><strong>stricta</strong></span> <span class='ocrx_word' id='word_1_30' title='bbox 1016 657 1146 723; x_wconf 80' lang='lat' dir='ltr'><strong>ratione</strong></span> 
     </span>
     <span class='ocr_line' id='line_1_6' title="bbox 127 752 1145 859; baseline 0.005 -31"><span class='ocrx_word' id='word_1_31' title='bbox 127 752 289 846; x_wconf 78' lang='lat' dir='ltr'><strong>&#39;judicium</strong></span> <span class='ocrx_word' id='word_1_32' title='bbox 308 770 417 847; x_wconf 82' lang='lat' dir='ltr'><strong>ferret,</strong></span> <span class='ocrx_word' id='word_1_33' title='bbox 441 788 515 852; x_wconf 80' lang='lat' dir='ltr'><strong>eum</strong></span> <span class='ocrx_word' id='word_1_34' title='bbox 543 769 689 854; x_wconf 88' lang='lat' dir='ltr'><strong>alioquin</strong></span> <span class='ocrx_word' id='word_1_35' title='bbox 699 771 777 848; x_wconf 63' lang='lat' dir='ltr'><strong>iura</strong></span> <span class='ocrx_word' id='word_1_36' title='bbox 799 785 835 828; x_wconf 89' lang='lat' dir='ltr'><strong>ac</strong></span> <span class='ocrx_word' id='word_1_37' title='bbox 854 768 995 831; x_wconf 83' lang='lat' dir='ltr'><strong>mortuis</strong></span> <span class='ocrx_word' id='word_1_38' title='bbox 1016 758 1145 859; x_wconf 82' lang='lat' dir='ltr'><strong>iegibus</strong></span> 
     </span>
     <span class='ocr_line' id='line_1_7' title="bbox 113 874 1147 962; baseline 0.001 -20"><span class='ocrx_word' id='word_1_39' title='bbox 113 889 222 942; x_wconf 76' lang='lat' dir='ltr'><strong>esset</strong></span> <span class='ocrx_word' id='word_1_40' title='bbox 249 880 406 943; x_wconf 83' lang='lat' dir='ltr'><strong>inclusus.</strong></span> <span class='ocrx_word' id='word_1_41' title='bbox 448 876 489 942; x_wconf 91' lang='lat' dir='ltr'><strong>Id</strong></span> <span class='ocrx_word' id='word_1_42' title='bbox 509 901 587 945; x_wconf 87' lang='lat' dir='ltr'><strong>vero</strong></span> <span class='ocrx_word' id='word_1_43' title='bbox 605 880 740 945; x_wconf 78' lang='lat' dir='ltr'><strong>Praetor</strong></span> <span class='ocrx_word' id='word_1_44' title='bbox 767 886 894 962; x_wconf 87' lang='lat' dir='ltr'><strong>poterat</strong></span> <span class='ocrx_word' id='word_1_45' title='bbox 920 874 1147 956; x_wconf 83' lang='lat' dir='ltr'><strong>jurisdictione</strong></span> 
     </span>
     <span class='ocr_line' id='line_1_8' title="bbox 88 987 1151 1076; baseline -0.003 -23"><span class='ocrx_word' id='word_1_46' title='bbox 88 1048 91 1053; x_wconf 86' lang='lat'><em>.</em></span> <span class='ocrx_word' id='word_1_47' title='bbox 135 988 305 1076; x_wconf 87' lang='lat' dir='ltr'><strong>imperare.</strong></span> <span class='ocrx_word' id='word_1_48' title='bbox 350 987 590 1055; x_wconf 77' lang='lat' dir='ltr'><strong>Praescribebat</strong></span> <span class='ocrx_word' id='word_1_49' title='bbox 617 991 820 1063; x_wconf 81' lang='lat' dir='ltr'><strong>formulam:</strong></span> <span class='ocrx_word' id='word_1_50' title='bbox 851 1019 893 1037; x_wconf 92' lang='lat'>-</span> <span class='ocrx_word' id='word_1_51' title='bbox 915 1008 936 1050; x_wconf 84' lang='lat' dir='ltr'><strong>a</strong></span> <span class='ocrx_word' id='word_1_52' title='bbox 963 1008 1031 1074; x_wconf 85' lang='lat' dir='ltr'><strong>quo</strong></span> <span class='ocrx_word' id='word_1_53' title='bbox 1052 1006 1151 1076; x_wconf 82' lang='lat' dir='ltr'><strong>praa·</strong></span> 
     </span>
     <span class='ocr_line' id='line_1_9' title="bbox 136 1097 1150 1188; baseline 0.002 -26"><span class='ocrx_word' id='word_1_54' title='bbox 136 1097 304 1163; x_wconf 86' lang='lat' dir='ltr'><strong>scribendo</strong></span> <span class='ocrx_word' id='word_1_55' title='bbox 325 1111 359 1163; x_wconf 91' lang='lat' dir='ltr'><strong>et</strong></span> <span class='ocrx_word' id='word_1_56' title='bbox 378 1101 520 1165; x_wconf 76' lang='lat' dir='ltr'><strong>acfiones</strong></span> <span class='ocrx_word' id='word_1_57' title='bbox 540 1101 746 1188; x_wconf 73' lang='lat' dir='ltr'><strong>praescriptis</strong></span> <span class='ocrx_word' id='word_1_58' title='bbox 768 1100 889 1180; x_wconf 79' lang='lat' dir='ltr'><strong>verbis,</strong></span> <span class='ocrx_word' id='word_1_59' title='bbox 911 1110 946 1163; x_wconf 89' lang='lat' dir='ltr'><strong>et</strong></span> <span class='ocrx_word' id='word_1_60' title='bbox 961 1099 1150 1185; x_wconf 72' lang='lat' dir='ltr'><strong>&#39;praesmip-</strong></span> 
     </span>
     <span class='ocr_line' id='line_1_10' title="bbox 140 1207 1181 1299; baseline 0.003 -26"><span class='ocrx_word' id='word_1_61' title='bbox 140 1209 244 1274; x_wconf 85' lang='lat' dir='ltr'><strong>tiones</strong></span> <span class='ocrx_word' id='word_1_62' title='bbox 267 1209 367 1274; x_wconf 89' lang='lat' dir='ltr'><strong>dictas</strong></span> <span class='ocrx_word' id='word_1_63' title='bbox 389 1209 548 1285; x_wconf 87' lang='lat' dir='ltr'><strong>contendo</strong></span> <span class='ocrx_word' id='word_1_64' title='bbox 573 1207 630 1278; x_wconf 74' lang='lat' dir='ltr'><strong>eat</strong></span> <span class='ocrx_word' id='word_1_65' title='bbox 650 1213 880 1299; x_wconf 77' lang='lat' dir='ltr'><strong>exceptiones,</strong></span> <span class='ocrx_word' id='word_1_66' title='bbox 910 1229 990 1297; x_wconf 89' lang='lat' dir='ltr'><strong>quas</strong></span> <span class='ocrx_word' id='word_1_67' title='bbox 1010 1229 1032 1274; x_wconf 88' lang='lat' dir='ltr'><strong>e</strong></span> <span class='ocrx_word' id='word_1_68' title='bbox 1050 1208 1152 1275; x_wconf 80' lang='lat' dir='ltr'><strong>Prae·</strong></span> <span class='ocrx_word' id='word_1_69' title='bbox 1177 1258 1181 1265; x_wconf 84' lang='lat'><em>-</em></span> 
     </span>
     <span class='ocr_line' id='line_1_11' title="bbox 140 1318 1152 1411; baseline 0.001 -27"><span class='ocrx_word' id='word_1_70' title='bbox 140 1320 221 1384; x_wconf 85' lang='lat' dir='ltr'><strong>toris</strong></span> <span class='ocrx_word' id='word_1_71' title='bbox 241 1318 462 1399; x_wconf 82' lang='lat' dir='ltr'><strong>iurisdictione</strong></span> <span class='ocrx_word' id='word_1_72' title='bbox 481 1322 669 1411; x_wconf 72' lang='lat' dir='ltr'><strong>repetimus,</strong></span> <span class='ocrx_word' id='word_1_73' title='bbox 712 1320 764 1385; x_wconf 89' lang='lat' dir='ltr'><strong>Da</strong></span> <span class='ocrx_word' id='word_1_74' title='bbox 785 1341 823 1385; x_wconf 88' lang='lat' dir='ltr'><strong>ea</strong></span> <span class='ocrx_word' id='word_1_75' title='bbox 834 1342 912 1387; x_wconf 79' lang='lat' dir='ltr'><strong>vero</strong></span> <span class='ocrx_word' id='word_1_76' title='bbox 925 1342 961 1384; x_wconf 85' lang='lat' dir='ltr'><strong>ro</strong></span> <span class='ocrx_word' id='word_1_77' title='bbox 978 1320 1074 1385; x_wconf 81' lang='lat' dir='ltr'><strong>uultu</strong></span> <span class='ocrx_word' id='word_1_78' title='bbox 1091 1328 1152 1398; x_wconf 81' lang='lat' dir='ltr'><strong>est,</strong></span> 
     </span>
     <span class='ocr_line' id='line_1_12' title="bbox 142 1427 1153 1516; baseline 0 -24"><span class='ocrx_word' id='word_1_79' title='bbox 142 1427 230 1516; x_wconf 89' lang='lat' dir='ltr'><strong>quod</strong></span> <span class='ocrx_word' id='word_1_80' title='bbox 262 1433 377 1512; x_wconf 86' lang='lat' dir='ltr'><strong>sciam,</strong></span> <span class='ocrx_word' id='word_1_81' title='bbox 415 1430 590 1499; x_wconf 76' lang='lat' dir='ltr'><strong>dubitatio:</strong></span> <span class='ocrx_word' id='word_1_82' title='bbox 628 1431 670 1497; x_wconf 89' lang='lat' dir='ltr'><strong>de</strong></span> <span class='ocrx_word' id='word_1_83' title='bbox 698 1435 809 1499; x_wconf 81' lang='lat' dir='ltr'><strong>baca</strong></span> <span class='ocrx_word' id='word_1_84' title='bbox 839 1431 971 1497; x_wconf 89' lang='lat' dir='ltr'><strong>nemina</strong></span> <span class='ocrx_word' id='word_1_85' title='bbox 1004 1440 1153 1499; x_wconf 77' lang='lat' dir='ltr'><strong>accumm</strong></span> 
     </span>
     <span class='ocr_line' id='line_1_13' title="bbox 111 1524 1155 1632; baseline -0.004 -26"><span class='ocrx_word' id='word_1_86' title='bbox 111 1618 115 1626; x_wconf 41' lang='grc'>,</span> <span class='ocrx_word' id='word_1_87' title='bbox 143 1540 265 1607; x_wconf 61' lang='lat' dir='ltr'><strong>&amp;uum</strong></span> <span class='ocrx_word' id='word_1_88' title='bbox 285 1553 346 1620; x_wconf 83' lang='lat' dir='ltr'><strong>est,</strong></span> <span class='ocrx_word' id='word_1_89' title='bbox 370 1555 404 1607; x_wconf 89' lang='lat' dir='ltr'><strong>et</strong></span> <span class='ocrx_word' id='word_1_90' title='bbox 423 1563 474 1607; x_wconf 86' lang='lat' dir='ltr'><strong>res</strong></span> <span class='ocrx_word' id='word_1_91' title='bbox 494 1540 599 1608; x_wconf 87' lang='lat' dir='ltr'><strong>adhuc</strong></span> <span class='ocrx_word' id='word_1_92' title='bbox 609 1542 822 1632; x_wconf 76' lang='lat' dir='ltr'><strong>explicatione</strong></span> <span class='ocrx_word' id='word_1_93' title='bbox 840 1524 915 1625; x_wconf 79' lang='lat' dir='ltr'><strong>eget</strong></span> <span class='ocrx_word' id='word_1_94' title='bbox 929 1545 965 1579; x_wconf 77' lang='lat'><strong>²¹</strong></span> <span class='ocrx_word' id='word_1_95' title='bbox 977 1545 1002 1621; x_wconf 91' lang='grc'><strong>).</strong></span> <span class='ocrx_word' id='word_1_96' title='bbox 1024 1535 1155 1622; x_wconf 79' lang='lat' dir='ltr'><strong>Quodsi</strong></span> 
     </span>
     <span class='ocr_line' id='line_1_14' title="bbox 26 1646 1197 1747; baseline -0.004 -26"><span class='ocrx_word' id='word_1_97' title='bbox 26 1715 37 1726; x_wconf 88' lang='grc'><strong>.,</strong></span> <span class='ocrx_word' id='word_1_98' title='bbox 145 1654 374 1747; x_wconf 60' lang='grc' dir='ltr'><strong>Ιιὶιιομιιεαω</strong></span> <span class='ocrx_word' id='word_1_99' title='bbox 395 1658 686 1744; x_wconf 72' lang='lat' dir='ltr'><strong>necessitatemque</strong></span> <span class='ocrx_word' id='word_1_100' title='bbox 704 1658 741 1721; x_wconf 93' lang='lat' dir='ltr'><strong>in</strong></span> <span class='ocrx_word' id='word_1_101' title='bbox 760 1660 834 1735; x_wconf 85' lang='lat' dir='ltr'><strong>jure</strong></span> <span class='ocrx_word' id='word_1_102' title='bbox 854 1651 1072 1744; x_wconf 75' lang='lat' dir='ltr'><strong>expositionis</strong></span> <span class='ocrx_word' id='word_1_103' title='bbox 1090 1646 1156 1729; x_wconf 64' lang='lat' dir='ltr'><strong>bie·</strong></span> <span class='ocrx_word' id='word_1_104' title='bbox 1193 1672 1197 1727; x_wconf 78' lang='grc' dir='ltr'><strong>ι</strong></span> 
     </span>
     <span class='ocr_line' id='line_1_15' title="bbox 30 1758 1157 1855; baseline -0.005 -25"><span class='ocrx_word' id='word_1_105' title='bbox 30 1826 36 1839; x_wconf 84' lang='grc'><strong>,</strong></span> <span class='ocrx_word' id='word_1_106' title='bbox 147 1766 303 1839; x_wconf 71' lang='lat' dir='ltr'><strong>tiramus,</strong></span> <span class='ocrx_word' id='word_1_107' title='bbox 326 1777 361 1829; x_wconf 92' lang='lat' dir='ltr'><strong>et</strong></span> <span class='ocrx_word' id='word_1_108' title='bbox 391 1767 552 1833; x_wconf 77' lang='lat' dir='ltr'><strong>formulae</strong></span> <span class='ocrx_word' id='word_1_109' title='bbox 576 1768 736 1855; x_wconf 82' lang='lat' dir='ltr'><strong>explicata</strong></span> <span class='ocrx_word' id='word_1_110' title='bbox 757 1766 820 1831; x_wconf 88' lang='lat' dir='ltr'><strong>erit</strong></span> <span class='ocrx_word' id='word_1_111' title='bbox 838 1765 931 1830; x_wconf 87' lang='lat' dir='ltr'><strong>ratio.</strong></span> <span class='ocrx_word' id='word_1_112' title='bbox 952 1792 959 1837; x_wconf 87' lang='lat'><strong>.·</strong></span> <span class='ocrx_word' id='word_1_113' title='bbox 973 1762 1051 1828; x_wconf 87' lang='lat' dir='ltr'><strong>Nori</strong></span> <span class='ocrx_word' id='word_1_114' title='bbox 1068 1758 1157 1839; x_wconf 82' lang='lat' dir='ltr'><strong>enisu</strong></span> 
     </span>
     <span class='ocr_line' id='line_1_16' title="bbox 123 1874 1186 1970; baseline -0.007 -28"><span class='ocrx_word' id='word_1_115' title='bbox 123 1874 126 1881; x_wconf 87' lang='grc'><strong>’</strong></span> <span class='ocrx_word' id='word_1_116' title='bbox 147 1898 290 1970; x_wconf 87' lang='lat' dir='ltr'><strong>possum,</strong></span> <span class='ocrx_word' id='word_1_117' title='bbox 301 1879 384 1966; x_wconf 86' lang='lat' dir='ltr'><strong>&#39;quin</strong></span> <span class='ocrx_word' id='word_1_118' title='bbox 404 1877 599 1954; x_wconf 83' lang='lat' dir='ltr'><strong>Praetorem,</strong></span> <span class='ocrx_word' id='word_1_119' title='bbox 623 1895 830 1965; x_wconf 85' lang='lat' dir='ltr'><strong>quaecuuque</strong></span> <span class='ocrx_word' id='word_1_120' title='bbox 845 1874 886 1940; x_wconf 87' lang='lat' dir='ltr'><strong>do</strong></span> <span class='ocrx_word' id='word_1_121' title='bbox 903 1878 1158 1954; x_wconf 70' lang='lat' dir='ltr'><strong>recognoverat</strong></span> <span class='ocrx_word' id='word_1_122' title='bbox 1182 1950 1186 1961; x_wconf 38' lang='grc' dir='ltr'>Ι</span> 
     </span>
     <span class='ocr_line' id='line_1_17' title="bbox 148 1978 1159 2079; baseline -0.003 -24"><span class='ocrx_word' id='word_1_123' title='bbox 148 1993 308 2055; x_wconf 49' lang='lat' dir='ltr'><strong>&amp;mulae</strong></span> <span class='ocrx_word' id='word_1_124' title='bbox 337 1989 533 2079; x_wconf 82' lang='lat' dir='ltr'><strong>adspersisse</strong></span> <span class='ocrx_word' id='word_1_125' title='bbox 563 2003 694 2079; x_wconf 85' lang='lat' dir='ltr'><strong>putem,</strong></span> <span class='ocrx_word' id='word_1_126' title='bbox 726 1993 894 2071; x_wconf 70' lang='lat' dir='ltr'><strong>propterea</strong></span> <span class='ocrx_word' id='word_1_127' title='bbox 922 1982 1009 2066; x_wconf 78' lang='lat' dir='ltr'><strong>quod</strong></span> <span class='ocrx_word' id='word_1_128' title='bbox 1038 1978 1159 2047; x_wconf 59' lang='lat' dir='ltr'><strong>abin&amp;</strong></span> 
     </span>
     <span class='ocr_line' id='line_1_18' title="bbox 148 2084 1159 2195; baseline -0.009 -30"><span class='ocrx_word' id='word_1_129' title='bbox 148 2100 249 2195; x_wconf 84' lang='lat' dir='ltr'><strong>judici</strong></span> <span class='ocrx_word' id='word_1_130' title='bbox 269 2084 338 2166; x_wconf 82' lang='lat' dir='ltr'><strong>rem</strong></span> <span class='ocrx_word' id='word_1_131' title='bbox 360 2114 531 2169; x_wconf 86' lang='lat' dir='ltr'><strong>retractare</strong></span> <span class='ocrx_word' id='word_1_132' title='bbox 550 2099 678 2164; x_wconf 76' lang='lat' dir='ltr'><strong>facilius</strong></span> <span class='ocrx_word' id='word_1_133' title='bbox 704 2103 791 2160; x_wconf 87' lang='lat' dir='ltr'><strong>esset</strong></span> <span class='ocrx_word' id='word_1_134' title='bbox 809 2091 993 2172; x_wconf 79' lang='lat' dir='ltr'><strong>negotium:</strong></span> <span class='ocrx_word' id='word_1_135' title='bbox 1013 2090 1053 2154; x_wconf 91' lang='lat' dir='ltr'><strong>in</strong></span> <span class='ocrx_word' id='word_1_136' title='bbox 1076 2110 1159 2176; x_wconf 88' lang='lat' dir='ltr'><strong>qua·</strong></span> 
     </span>
     <span class='ocr_line' id='line_1_19' title="bbox 150 2200 1188 2297; baseline -0.008 -19"><span class='ocrx_word' id='word_1_137' title='bbox 150 2213 234 2278; x_wconf 84' lang='lat' dir='ltr'><strong>libat</strong></span> <span class='ocrx_word' id='word_1_138' title='bbox 252 2216 351 2297; x_wconf 80' lang='lat' dir='ltr'><strong>igitur</strong></span> <span class='ocrx_word' id='word_1_139' title='bbox 371 2216 430 2280; x_wconf 88' lang='lat' dir='ltr'><strong>lite</strong></span> <span class='ocrx_word' id='word_1_140' title='bbox 451 2237 488 2280; x_wconf 90' lang='lat' dir='ltr'><strong>ac</strong></span> <span class='ocrx_word' id='word_1_141' title='bbox 507 2204 822 2294; x_wconf 67' lang='lat' dir='ltr'><strong>Judicto‘furmutam</strong></span> <span class='ocrx_word' id='word_1_142' title='bbox 841 2200 978 2287; x_wconf 71' lang='lat' dir='ltr'><strong>scripsit,</strong></span> <span class='ocrx_word' id='word_1_143' title='bbox 1001 2219 1078 2265; x_wconf 80' lang='lat' dir='ltr'><strong>cum</strong></span> <span class='ocrx_word' id='word_1_144' title='bbox 1103 2220 1161 2267; x_wconf 78' lang='lat' dir='ltr'><strong>na·</strong></span> <span class='ocrx_word' id='word_1_145' title='bbox 1185 2241 1188 2250; x_wconf 65' lang='lat'>„</span> 
     </span>
     <span class='ocr_line' id='line_1_20' title="bbox 152 2308 1160 2415; baseline -0.014 -26"><span class='ocrx_word' id='word_1_146' title='bbox 152 2327 283 2415; x_wconf 77' lang='lat' dir='ltr'><strong>cessitas</strong></span> <span class='ocrx_word' id='word_1_147' title='bbox 305 2329 338 2391; x_wconf 88' lang='lat' dir='ltr'><strong>ei</strong></span> <span class='ocrx_word' id='word_1_148' title='bbox 359 2336 446 2391; x_wconf 84' lang='lat' dir='ltr'><strong>esset</strong></span> <span class='ocrx_word' id='word_1_149' title='bbox 467 2340 728 2410; x_wconf 84' lang='lat' dir='ltr'><strong>unamquamque</strong></span> <span class='ocrx_word' id='word_1_150' title='bbox 748 2337 819 2381; x_wconf 86' lang='lat' dir='ltr'><strong>rem</strong></span> <span class='ocrx_word' id='word_1_151' title='bbox 839 2308 1103 2403; x_wconf 77' lang='lat' dir='ltr'><strong>pervestigandi:</strong></span> <span class='ocrx_word' id='word_1_152' title='bbox 1131 2317 1160 2375; x_wconf 85' lang='lat' dir='ltr'><strong>et</strong></span> 
     </span>
     <span class='ocr_line' id='line_1_21' title="bbox 18 2418 1184 2516; baseline -0.012 -16"><span class='ocrx_word' id='word_1_153' title='bbox 18 2448 24 2459; x_wconf 88' lang='grc'><strong>’</strong></span> <span class='ocrx_word' id='word_1_154' title='bbox 152 2438 292 2504; x_wconf 78' lang='lat' dir='ltr'><strong>formula</strong></span> <span class='ocrx_word' id='word_1_155' title='bbox 312 2437 387 2503; x_wconf 89' lang='lat' dir='ltr'><strong>deta</strong></span> <span class='ocrx_word' id='word_1_156' title='bbox 408 2447 460 2502; x_wconf 82' lang='lat' dir='ltr'><strong>est</strong></span> <span class='ocrx_word' id='word_1_157' title='bbox 474 2433 587 2516; x_wconf 77' lang='lat' dir='ltr'><strong>judici,</strong></span> <span class='ocrx_word' id='word_1_158' title='bbox 611 2436 641 2497; x_wconf 84' lang='lat' dir='ltr'><strong>si</strong></span> <span class='ocrx_word' id='word_1_159' title='bbox 662 2432 718 2496; x_wconf 76' lang='lat' dir='ltr'><strong>vei</strong></span> <span class='ocrx_word' id='word_1_160' title='bbox 738 2427 825 2493; x_wconf 85' lang='lat' dir='ltr'><strong>nihil</strong></span> <span class='ocrx_word' id='word_1_161' title='bbox 856 2435 941 2491; x_wconf 87' lang='lat' dir='ltr'><strong>esset</strong></span> <span class='ocrx_word' id='word_1_162' title='bbox 961 2443 980 2486; x_wconf 89' lang='lat' dir='ltr'><strong>e</strong></span> <span class='ocrx_word' id='word_1_163' title='bbox 1000 2418 1184 2486; x_wconf 82' lang='lat' dir='ltr'><strong>Praetoria·</strong></span> 
     </span>
     <span class='ocr_line' id='line_1_22' title="bbox 153 2527 1162 2629; baseline -0.019 -16"><span class='ocrx_word' id='word_1_164' title='bbox 153 2548 379 2629; x_wconf 79' lang='lat' dir='ltr'><strong>jurisdictione</strong></span> <span class='ocrx_word' id='word_1_165' title='bbox 420 2543 615 2610; x_wconf 89' lang='lat' dir='ltr'><strong>addendum.</strong></span> <span class='ocrx_word' id='word_1_166' title='bbox 679 2539 865 2603; x_wconf 84' lang='lat' dir='ltr'><strong>Praetorem</strong></span> <span class='ocrx_word' id='word_1_167' title='bbox 900 2553 978 2598; x_wconf 81' lang='lat' dir='ltr'><strong>vero</strong></span> <span class='ocrx_word' id='word_1_168' title='bbox 1013 2527 1162 2596; x_wconf 83' lang='lat' dir='ltr'><strong>iormriiia</strong></span> 
     </span>
     <span class='ocr_line' id='line_1_23' title="bbox 154 2645 1164 2739; baseline -0.02 -13"><span class='ocrx_word' id='word_1_169' title='bbox 154 2657 252 2739; x_wconf 80' lang='lat' dir='ltr'><strong>judici</strong></span> <span class='ocrx_word' id='word_1_170' title='bbox 278 2671 336 2725; x_wconf 85' lang='lat' dir='ltr'><strong>aut</strong></span> <span class='ocrx_word' id='word_1_171' title='bbox 363 2657 503 2723; x_wconf 82' lang='lat' dir='ltr'><strong>laxiores</strong></span> <span class='ocrx_word' id='word_1_172' title='bbox 530 2653 674 2715; x_wconf 85' lang='lat' dir='ltr'><strong>habenas</strong></span> <span class='ocrx_word' id='word_1_173' title='bbox 715 2645 860 2729; x_wconf 85' lang='lat' dir='ltr'><strong>dedisse,</strong></span> <span class='ocrx_word' id='word_1_174' title='bbox 898 2654 955 2709; x_wconf 91' lang='lat' dir='ltr'><strong>aut</strong></span> <span class='ocrx_word' id='word_1_175' title='bbox 984 2646 1055 2723; x_wconf 82' lang='lat' dir='ltr'><strong>eius</strong></span> <span class='ocrx_word' id='word_1_176' title='bbox 1089 2658 1164 2707; x_wconf 80' lang='lat' dir='ltr'><strong>cote·</strong></span> 
     </span>
    </p>
   </div>
   <div class='ocr_carea' id='block_1_3' title="bbox 156 2837 358 2865">
    <p class='ocr_par' dir='ltr' id='par_1_3' title="bbox 156 2837 358 2865">
     <span class='ocr_line' id='line_1_24' title="bbox 156 2837 358 2865; baseline -0.01 -2"><span class='ocrx_word' id='word_1_177' title='bbox 156 2837 358 2865; x_wconf 50' lang='grc' dir='ltr'><strong><em>Μ</em></strong></span> 
     </span>
    </p>
   </div>
   <div class='ocr_carea' id='block_1_4' title="bbox 118 2934 1200 3959">
    <p class='ocr_par' dir='ltr' id='par_1_4' title="bbox 160 2934 1191 3041">
     <span class='ocr_line' id='line_1_25' title="bbox 160 2934 1191 3041; baseline -0.021 -17"><span class='ocrx_word' id='word_1_178' title='bbox 160 2964 209 3039; x_wconf 82' lang='lat'><strong>¹¹)</strong></span> <span class='ocrx_word' id='word_1_179' title='bbox 233 2966 311 3038; x_wconf 86' lang='lat' dir='ltr'><strong>Quae</strong></span> <span class='ocrx_word' id='word_1_180' title='bbox 336 2980 403 3021; x_wconf 77' lang='lat' dir='ltr'><strong>aero</strong></span> <span class='ocrx_word' id='word_1_181' title='bbox 426 2958 679 3034; x_wconf 75' lang='lat' dir='ltr'><strong>praescriptiones·</strong></span> <span class='ocrx_word' id='word_1_182' title='bbox 695 2972 751 3027; x_wconf 85' lang='lat' dir='ltr'><strong>qua</strong></span> <span class='ocrx_word' id='word_1_183' title='bbox 776 2953 887 3010; x_wconf 85' lang='lat' dir='ltr'><strong>ratione</strong></span> <span class='ocrx_word' id='word_1_184' title='bbox 917 2934 1191 3041; x_wconf 34' lang='lat' dir='ltr'><strong>coboea-cantent..</strong></span> 
     </span>
    </p>

    <p class='ocr_par' dir='ltr' id='par_1_5' title="bbox 197 3034 1170 3315">
     <span class='ocr_line' id='line_1_26' title="bbox 197 3034 1167 3129; baseline -0.02 -17"><span class='ocrx_word' id='word_1_185' title='bbox 197 3118 199 3125; x_wconf 56' lang='grc'><strong>,</strong></span> <span class='ocrx_word' id='word_1_186' title='bbox 229 3059 280 3125; x_wconf 76' lang='lat' dir='ltr'><strong>iis,</strong></span> <span class='ocrx_word' id='word_1_187' title='bbox 303 3052 457 3129; x_wconf 84' lang='lat' dir='ltr'><strong>dequibus</strong></span> <span class='ocrx_word' id='word_1_188' title='bbox 476 3051 563 3124; x_wconf 75' lang='lat' dir='ltr'><strong>Gaius</strong></span> <span class='ocrx_word' id='word_1_189' title='bbox 586 3040 918 3113; x_wconf 67' lang='lat' dir='ltr'><strong>uenustissimam</strong></span> <span class='ocrx_word' id='word_1_190' title='bbox 944 3042 1006 3100; x_wconf 81' lang='lat'><strong>130.</strong></span> <span class='ocrx_word' id='word_1_191' title='bbox 1032 3052 1093 3127; x_wconf 66' lang='lat' dir='ltr'><strong>seq.</strong></span> <span class='ocrx_word' id='word_1_192' title='bbox 1119 3034 1167 3095; x_wconf 77' lang='lat' dir='ltr'><strong>da·</strong></span> 
     </span>
     <span class='ocr_line' id='line_1_27' title="bbox 228 3126 1169 3226; baseline -0.02 -21"><span class='ocrx_word' id='word_1_193' title='bbox 228 3150 306 3206; x_wconf 77' lang='lat' dir='ltr'><strong>ntum</strong></span> <span class='ocrx_word' id='word_1_194' title='bbox 324 3155 382 3204; x_wconf 78' lang='lat' dir='ltr'><strong>asts</strong></span> <span class='ocrx_word' id='word_1_195' title='bbox 401 3144 435 3199; x_wconf 83' lang='lat' dir='ltr'><strong>dc</strong></span> <span class='ocrx_word' id='word_1_196' title='bbox 452 3163 507 3226; x_wconf 78' lang='lat' dir='ltr'><strong>qpa</strong></span> <span class='ocrx_word' id='word_1_197' title='bbox 525 3163 556 3200; x_wconf 86' lang='lat' dir='ltr'><strong>re</strong></span> <span class='ocrx_word' id='word_1_198' title='bbox 578 3140 688 3214; x_wconf 88' lang='lat' dir='ltr'><strong>optimo</strong></span> <span class='ocrx_word' id='word_1_199' title='bbox 717 3141 778 3211; x_wconf 82' lang='lat' dir='ltr'><strong>jure</strong></span> <span class='ocrx_word' id='word_1_200' title='bbox 795 3136 962 3193; x_wconf 83' lang='lat' dir='ltr'><strong>dubitarunt</strong></span> <span class='ocrx_word' id='word_1_201' title='bbox 979 3132 1068 3189; x_wconf 83' lang='lat' dir='ltr'><strong>docti.</strong></span> <span class='ocrx_word' id='word_1_202' title='bbox 1084 3126 1169 3204; x_wconf 70' lang='lat' dir='ltr'><strong>nost·</strong></span> 
     </span>
     <span class='ocr_line' id='line_1_28' title="bbox 213 3225 1170 3315; baseline -0.017 -20"><span class='ocrx_word' id='word_1_203' title='bbox 213 3240 311 3315; x_wconf 77' lang='lat' dir='ltr'><strong>dem,</strong></span> <span class='ocrx_word' id='word_1_204' title='bbox 328 3256 366 3294; x_wconf 84' lang='lat' dir='ltr'><strong>au</strong></span> <span class='ocrx_word' id='word_1_205' title='bbox 383 3245 482 3295; x_wconf 82' lang='lat' dir='ltr'><strong>auctor</strong></span> <span class='ocrx_word' id='word_1_206' title='bbox 497 3235 532 3292; x_wconf 90' lang='lat' dir='ltr'><strong>de</strong></span> <span class='ocrx_word' id='word_1_207' title='bbox 547 3234 626 3292; x_wconf 79' lang='lat' dir='ltr'><strong>bisce</strong></span> <span class='ocrx_word' id='word_1_208' title='bbox 641 3226 853 3307; x_wconf 79' lang='lat' dir='ltr'><strong>exceptionssrus&#39;</strong></span> <span class='ocrx_word' id='word_1_209' title='bbox 872 3225 1043 3290; x_wconf 78' lang='lat' dir='ltr'><strong>exhibuerit,</strong></span> <span class='ocrx_word' id='word_1_210' title='bbox 1061 3240 1115 3280; x_wconf 89' lang='lat' dir='ltr'><strong>nec</strong></span> <span class='ocrx_word' id='word_1_211' title='bbox 1128 3234 1170 3287; x_wconf 84' lang='lat' dir='ltr'><strong>rte,</strong></span> 
     </span>
    </p>

    <p class='ocr_par' dir='ltr' id='par_1_6' title="bbox 118 3310 1200 3681">
     <span class='ocr_line' id='line_1_29' title="bbox 127 3310 1171 3404; baseline -0.017 -16"><span class='ocrx_word' id='word_1_212' title='bbox 127 3357 130 3363; x_wconf 95' lang='lat'>·</span> <span class='ocrx_word' id='word_1_213' title='bbox 231 3334 262 3389; x_wconf 83' lang='lat' dir='ltr'><strong>iu</strong></span> <span class='ocrx_word' id='word_1_214' title='bbox 281 3330 374 3387; x_wconf 83' lang='lat' dir='ltr'><strong>madio</strong></span> <span class='ocrx_word' id='word_1_215' title='bbox 392 3321 551 3404; x_wconf 76' lang='lat' dir='ltr'><strong>miiuquere</strong></span> <span class='ocrx_word' id='word_1_216' title='bbox 567 3317 709 3400; x_wconf 81' lang='lat' dir='ltr'><strong>optimum</strong></span> <span class='ocrx_word' id='word_1_217' title='bbox 725 3338 834 3378; x_wconf 79' lang='lat' dir='ltr'><strong>camec.</strong></span> <span class='ocrx_word' id='word_1_218' title='bbox 874 3316 1117 3391; x_wconf 83' lang='lat' dir='ltr'><strong>Pnescriptionas</strong></span> <span class='ocrx_word' id='word_1_219' title='bbox 1131 3310 1171 3371; x_wconf 70' lang='lat' dir='ltr'><strong>d·</strong></span> 
     </span>
     <span class='ocr_line' id='line_1_30' title="bbox 163 3408 1172 3498; baseline -0.017 -17"><span class='ocrx_word' id='word_1_220' title='bbox 163 3408 167 3416; x_wconf 58' lang='grc'><em>’</em></span> <span class='ocrx_word' id='word_1_221' title='bbox 231 3423 272 3479; x_wconf 89' lang='lat' dir='ltr'><strong>cit</strong></span> <span class='ocrx_word' id='word_1_222' title='bbox 287 3423 375 3498; x_wconf 85' lang='lat' dir='ltr'><strong>Gajus</strong></span> <span class='ocrx_word' id='word_1_223' title='bbox 392 3425 449 3491; x_wconf 81' lang='lat' dir='ltr'><strong>iv,</strong></span> <span class='ocrx_word' id='word_1_224' title='bbox 477 3421 539 3479; x_wconf 79' lang='lat'><strong>132</strong></span> <span class='ocrx_word' id='word_1_225' title='bbox 569 3412 819 3493; x_wconf 85' lang='lat' dir='ltr'><strong>aprsescribendo</strong></span> <span class='ocrx_word' id='word_1_226' title='bbox 835 3421 900 3469; x_wconf 86' lang='lat' dir='ltr'><strong>ante</strong></span> <span class='ocrx_word' id='word_1_227' title='bbox 917 3409 1056 3467; x_wconf 77' lang='lat' dir='ltr'><strong>termulae</strong></span> <span class='ocrx_word' id='word_1_228' title='bbox 1072 3416 1172 3466; x_wconf 65' lang='lat' dir='ltr'><strong>nom</strong></span> 
     </span>
     <span class='ocr_line' id='line_1_31' title="bbox 118 3499 1200 3589; baseline -0.027 -12"><span class='ocrx_word' id='word_1_229' title='bbox 118 3516 121 3522; x_wconf 71' lang='grc'><strong>’</strong></span> <span class='ocrx_word' id='word_1_230' title='bbox 232 3516 385 3589; x_wconf 80' lang='lat' dir='ltr'><strong>recepisses</strong></span> <span class='ocrx_word' id='word_1_231' title='bbox 415 3513 674 3587; x_wconf 85' lang='lat' dir='ltr'><strong>„praescriptiones</strong></span> <span class='ocrx_word' id='word_1_232' title='bbox 699 3516 792 3564; x_wconf 86' lang='lat' dir='ltr'><strong>autom</strong></span> <span class='ocrx_word' id='word_1_233' title='bbox 815 3503 967 3578; x_wconf 84' lang='lat' dir='ltr'><strong>appellatas</strong></span> <span class='ocrx_word' id='word_1_234' title='bbox 989 3518 1050 3557; x_wconf 84' lang='lat' dir='ltr'><strong>esse</strong></span> <span class='ocrx_word' id='word_1_235' title='bbox 1073 3499 1111 3557; x_wconf 89' lang='lat' dir='ltr'><strong>ab</strong></span> <span class='ocrx_word' id='word_1_236' title='bbox 1133 3510 1174 3581; x_wconf 73' lang='lat' dir='ltr'><strong>ep,</strong></span> <span class='ocrx_word' id='word_1_237' title='bbox 1199 3513 1200 3547; x_wconf 78' lang='grc' dir='ltr'>ῑ</span> 
     </span>
     <span class='ocr_line' id='line_1_32' title="bbox 233 3590 1175 3681; baseline -0.018 -18"><span class='ocrx_word' id='word_1_238' title='bbox 233 3607 313 3681; x_wconf 82' lang='lat' dir='ltr'><strong>quod</strong></span> <span class='ocrx_word' id='word_1_239' title='bbox 331 3618 394 3663; x_wconf 88' lang='lat' dir='ltr'><strong>aute</strong></span> <span class='ocrx_word' id='word_1_240' title='bbox 412 3605 550 3662; x_wconf 72' lang='lat' dir='ltr'><strong>formulas</strong></span> <span class='ocrx_word' id='word_1_241' title='bbox 565 3600 804 3674; x_wconf 83' lang='lat' dir='ltr'><strong>praescribuntur,</strong></span> <span class='ocrx_word' id='word_1_242' title='bbox 821 3597 972 3671; x_wconf 84' lang='lat' dir='ltr'><strong>piusquam</strong></span> <span class='ocrx_word' id='word_1_243' title='bbox 995 3590 1175 3679; x_wconf 56' lang='lat' dir='ltr'><strong>manifesto!</strong></span> 
     </span>
    </p>

    <p class='ocr_par' dir='ltr' id='par_1_7' title="bbox 233 3678 1178 3767">
     <span class='ocr_line' id='line_1_33' title="bbox 233 3678 1178 3767; baseline -0.019 -11"><span class='ocrx_word' id='word_1_244' title='bbox 233 3699 305 3756; x_wconf 81' lang='lat' dir='ltr'><strong>est.”</strong></span> <span class='ocrx_word' id='word_1_245' title='bbox 340 3701 472 3755; x_wconf 81' lang='lat' dir='ltr'><strong>Actiones</strong></span> <span class='ocrx_word' id='word_1_246' title='bbox 489 3707 517 3753; x_wconf 88' lang='lat' dir='ltr'><strong>et</strong></span> <span class='ocrx_word' id='word_1_247' title='bbox 533 3693 718 3767; x_wconf 78' lang='lat' dir='ltr'><strong>exceptiones,</strong></span> <span class='ocrx_word' id='word_1_248' title='bbox 736 3705 807 3763; x_wconf 83' lang='lat' dir='ltr'><strong>quae</strong></span> <span class='ocrx_word' id='word_1_249' title='bbox 824 3685 1015 3759; x_wconf 81' lang='lat' dir='ltr'><strong>jurisdictione</strong></span> <span class='ocrx_word' id='word_1_250' title='bbox 1038 3678 1178 3741; x_wconf 67' lang='lat' dir='ltr'><strong>masat·</strong></span> 
     </span>
    </p>

    <p class='ocr_par' dir='ltr' id='par_1_8' title="bbox 150 3772 1199 3863">
     <span class='ocr_line' id='line_1_34' title="bbox 150 3772 1199 3863; baseline -0.018 -14"><span class='ocrx_word' id='word_1_251' title='bbox 150 3816 152 3821; x_wconf 95' lang='lat'>·</span> <span class='ocrx_word' id='word_1_252' title='bbox 198 3846 200 3855; x_wconf 88' lang='grc'>,</span> <span class='ocrx_word' id='word_1_253' title='bbox 236 3793 375 3863; x_wconf 72' lang='lat' dir='ltr'><strong>originem</strong></span> <span class='ocrx_word' id='word_1_254' title='bbox 392 3788 547 3856; x_wconf 84' lang='lat' dir='ltr'><strong>habebant,</strong></span> <span class='ocrx_word' id='word_1_255' title='bbox 575 3803 633 3857; x_wconf 70' lang='lat' dir='ltr'><strong>qua</strong></span> <span class='ocrx_word' id='word_1_256' title='bbox 659 3785 689 3837; x_wconf 86' lang='lat' dir='ltr'><strong>in</strong></span> <span class='ocrx_word' id='word_1_257' title='bbox 714 3781 814 3854; x_wconf 84' lang='lat' dir='ltr'><strong>primis</strong></span> <span class='ocrx_word' id='word_1_258' title='bbox 834 3779 962 3834; x_wconf 80' lang='lat' dir='ltr'><strong>formulis</strong></span> <span class='ocrx_word' id='word_1_259' title='bbox 986 3775 1110 3855; x_wconf 58' lang='lat' dir='ltr'><strong>adscribi</strong></span> <span class='ocrx_word' id='word_1_260' title='bbox 1134 3772 1199 3831; x_wconf 59' lang='grc' dir='ltr'><strong>δ’·</strong></span> 
     </span>
    </p>

    <p class='ocr_par' dir='ltr' id='par_1_9' title="bbox 131 3871 1032 3959">
     <span class='ocr_line' id='line_1_35' title="bbox 131 3871 1032 3959; baseline 0.036 -63"><span class='ocrx_word' id='word_1_261' title='bbox 131 3891 134 3896; x_wconf 90' lang='grc'><em>.</em></span> <span class='ocrx_word' id='word_1_262' title='bbox 236 3885 331 3943; x_wconf 77' lang='lat' dir='ltr'><strong>baisse</strong></span> <span class='ocrx_word' id='word_1_263' title='bbox 348 3884 497 3947; x_wconf 80' lang='lat' dir='ltr'><strong>senserim,</strong></span> <span class='ocrx_word' id='word_1_264' title='bbox 520 3879 627 3949; x_wconf 82' lang='lat' dir='ltr'><strong>nuttam</strong></span> <span class='ocrx_word' id='word_1_265' title='bbox 646 3874 702 3929; x_wconf 84' lang='lat' dir='ltr'><strong>scio</strong></span> <span class='ocrx_word' id='word_1_266' title='bbox 721 3872 852 3957; x_wconf 77' lang='lat' dir='ltr'><strong>idapeam</strong></span> <span class='ocrx_word' id='word_1_267' title='bbox 869 3871 1032 3959; x_wconf 58' lang='lat' dir='ltr'><strong>satiassent·x</strong></span> 
     </span>
    </p>
   </div>
   <div class='ocr_carea' id='block_1_5' title="bbox 1184 1879 1215 3510">
    <p class='ocr_par' dir='ltr' id='par_1_10' title="bbox 1184 1879 1215 3510">
     <span class='ocr_line' id='line_1_36' title="bbox 1184 1879 1215 3510; baseline 0 0"><span class='ocrx_word' id='word_1_268' title='bbox 1184 1879 1215 3510; x_wconf 95' lang='lat' dir='ltr'><strong> </strong></span> 
     </span>
    </p>
   </div>
   <div class='ocr_carea' id='block_1_6' title="bbox 0 0 1242 4328">
    <p class='ocr_par' dir='ltr' id='par_1_11' title="bbox 0 0 1242 4328">
     <span class='ocr_line' id='line_1_37' title="bbox 0 0 1242 4328; baseline 0 0"><span class='ocrx_word' id='word_1_269' title='bbox 0 0 1242 4328; x_wconf 95' lang='lat' dir='ltr'><strong> </strong></span> 
     </span>
    </p>
   </div>
  </div>
 </body>
</html>
