2400 4328
551 166 784 229 ..78...

202 352 278 404 ants
299 335 453 418 judicium
474 356 529 398 reo
553 337 687 416 cognita.
740 333 829 399 Inter
856 335 948 400 litem
976 340 1070 403 enim
1105 362 1174 409 002.

202 462 353 515 tastatsm
388 458 421 509 et
453 445 574 509 editam
603 446 761 507 actionem
799 447 999 530 permultum
1030 450 1166 518 interest

205 561 264 626 Lis
286 560 376 622 enim
396 567 471 619 tunc
493 567 670 619 contestata
685 555 825 634 ridetur,
849 576 923 620 cum
944 555 1049 636 judex
1069 564 1174 649 pest)

210 670 428 733 narrationem
450 667 570 747 negotii
591 686 721 729 causam
742 665 853 729 audire
875 672 1029 754 coeperit.
1042 671 1063 704 ”

164 780 252 844 Dicit
273 778 431 857 Severus,
456 779 589 840 actionis
613 775 756 840 editione
775 798 845 839 rem
866 775 1012 843 nondum
1034 783 1075 845 in
1092 781 1175 863 judi-

166 894 253 955 cium
274 887 425 978 perduci,
455 886 490 949 id
511 885 597 972 quod
618 888 686 950 litis
707 886 842 951 demum
871 888 906 947 fit
931 894 1173 959 contestatione.

105 1062 109 1069 .
163 1004 248 1066 Hinc
270 1002 425 1085 sequitur,
448 1009 522 1083 post
543 1001 679 1063 actionis
702 997 877 1062 editionem
898 999 994 1064 litem
1014 1014 1175 1090 contems-

162 1126 232 1177 tam
261 1131 342 1174 esse.
399 1107 518 1172 Verbis
548 1131 638 1196 „per
667 1111 886 1173 narrationem
914 1111 1071 1190 negotii‘’
1098 1114 1171 1179 nihil

166 1222 253 1289 aliud
284 1224 393 1287 inesse
426 1217 572 1299 ridetur,
615 1242 713 1306 qoam
746 1222 862 1307 quibus
894 1232 969 1283 ante
999 1238 1082 1287 nsrts
1110 1236 1171 1290 erat

167 1333 322 1418 „editam
344 1332 504 1395 actionem
513 1329 545 1393 ”.
595 1327 721 1414 Aperte
751 1343 862 1394 autem
890 1328 1012 1395 dictum
1033 1345 1104 1415 sst,
1140 1338 1185 1399 tn·

166 1443 284 1527 judicio
308 1453 342 1504 et
363 1441 486 1505 editam
507 1443 681 1518 actionem,
719 1452 752 1503 et
773 1412 984 1505 contestatam
1004 1442 1111 1522 litem,
1139 1454 1173 1505 et

165 1564 348 1644 peroratam
371 1573 499 1616 causam
521 1573 613 1616 esse:
636 1551 819 1638 etquidem
840 1564 915 1616 ante
936 1554 1169 1639 perorationem

144 1666 201 1735 *in
220 1663 339 1751 indicio
360 1663 454 1727 litem
476 1673 696 1727 contestatam.
720 1662 949 1750 Respondebat
969 1676 1084 1729 autent
1101 1682 1169 1727 reos

164 1787 201 1848 in
220 1777 354 1845 actionis
376 1774 537 1853 editione,
559 1774 609 1837 cui
630 1773 800 1838 refutanda
821 1788 911 1838 erant
932 1775 1018 1838 dicta
1039 1776 1168 1855 aetam

162 1900 198 1963 in
219 1898 308 1973 cujus
328 1889 376 1953 rei
395 1886 619 1950 testimonium
639 1880 791 1967 laudandi
813 1897 906 1946 erunt
926 1887 963 1948 hi
982 1887 1069 1951 loci:
1094 1918 1098 1927 ·

185 2050 195 2069 .
246 2005 271 2070 1.
295 1999 347 2066 142
370 2002 397 2082 p.
418 1999 451 2062 2.
475 1994 511 2062 G.
535 1993 577 2059 de
595 1990 746 2072 judiciis:

208 2135 314 2199 „cum
332 2109 491 2181 lietuerit
513 2113 687 2169 contestata
706 2113 781 2191 post
794 2100 1030 2189 ‘narrationem
1054 2128 1163 2197 prq-
1188 2150 1192 2159 .

176 2231 301 2294 ¹sitam
329 2235 363 2288 et
390 2213 670 2286 contradictionem
706 2216 862 2294 objectam
888 2213 925 2274 in
957 2215 1167 2305 qualicunque

205 2309 340 2424 judicio,¹
373 2332 488 2412 majori
507 2327 571 2394 'rel
595 2327 730 2401 minori,
764 2327 821 2389 vel
850 2321 938 2413 apud
964 2325 1106 2393 arbitros
1132 2348 1165 2392 er
1199 2358 1200 2385 t

205 2445 454 2536 compromisso,
477 2439 532 2503 rel
554 2440 647 2501 aliter
668 2434 771 2499 datos.
782 2434 802 2465 ”

247 2561 272 2621 l,
295 2558 328 2619 2.
350 2546 460 2637 pr.,G.
485 2545 525 2608 de
545 2550 676 2624 jurejur.
697 2555 804 2629 propt.
828 2544 984 2609 calummt

207 2663 400 2748 „sancimus
420 2676 488 2719 non
518 2655 629 2730 aliter,
660 2668 767 2738 nequa
794 2666 954 2734 actorem,
983 2676 1104 2743 nequa,
1120 2658 1165 2719 fu-

206 2777 348 2857 gientem
367 2767 404 2829 in
424 2761 601 2867 primordio
621 2764 689 2829 litis
711 2775 860 2847 exercere
881 2768 1079 2846 certamina,
1106 2766 1164 2833 nisi
1181 2832 1184 2839 ,

203 2894 279 2972 post
299 2880 515 2942 narrationem
536 2888 569 2940 et
588 2877 875 2963 responsionem.”

143 2994 262 3077 'Quod
282 3002 409 3056 autores
431 2987 582 3051 dixerunt
610 3000 721 3076 „post
740 2992 958 3052 narrationem
980 2998 1013 3051 et
1034 2990 1163 3080 res'pon·

50 3180 54 3187 ,
164 3103 327 3184 sionem”‚
357 3098 392 3162 id
412 3111 539 3163 tantum
562 3097 603 3162 ad
624 3097 798 3164 editionem
821 3102 954 3162 actionis
975 3102 1091 3165 referri
1110 3122 1164 3189 po·

160 3220 257 3282 terit:
279 3236 317 3279 ea
339 3213 426 3311 enim
447 3203 587 3298 speciem
608 3214 736 3275 suturae
757 3210 824 3275 litis
848 3210 944 3291 dedit,
969 3221 1096 3277 etanta
1115 3216 1161 3292 ju-

161 3449 305 3523 *)·Hsud
328 3447 413 3503 dubie
438 3447 537 3504 vocula
568 3440 670 3517 „per”
699 3453 798 3498 nostro
826 3442 889 3498 loco
922 3443 996 3500 idenr
1018 3446 1162 3520 sigm'iicst,

143 3545 145 3550 '
233 3561 318 3616 quam
332 3540 408 3614 quod
426 3541 555 3612 alioquin
572 3557 640 3593 voce
657 3537 761 3608 „post”
781 3552 940 3606 expressum
959 3547 1009 3593 est.
1029 3539 1076 3595 ct.
1093 3536 1161 3595 tta.

66 3711 68 3715 Ι
177 3666 181 3675 ·
231 3640 257 3703 t·
274 3635 302 3689 2.
322 3618 354 3689 tr.
373 3633 408 3701 re
424 3632 541 3702 ,aaran
565 3632 584 3685 ι.
601 3630 628 3687 2.
646 3629 692 3683 rr.
712 3627 744 3683 c,
763 3625 796 3681 ae
813 3627 1007 3698 jurejurando,
1032 3631 1087 3705 qn
1101 3644 1163 3685 ,aa

228 3728 260 3781 in
278 3726 334 3780 litis
352 3725 551 3780 contestatione
568 3739 629 3775 rem
646 3721 800 3792 expositam
817 3738 884 3786 esse,
901 3730 1083 3795 secutamque
1099 3738 1163 3777 con·

185 3859 188 3865 .
227 3817 424 3874 tradictioncnr
442 3826 550 3879 rentur,
568 3812 743 3867 vehementer
761 3821 870 3866 errant:
894 3811 1075 3869 contundunt
1091 3813 1162 3869 enim

209 3908 518 3995 -titirconteststionem
536 3922 600 3961 cum
610 3888 735 3961 'actionis
752 3906 884 3961 editione.
