2400 4328
498 189 540 207 -·
573 155 645 234 ,tta
688 190 731 206 —·

89 333 270 399 somnum
299 349 434 416 prorsus
462 330 587 392 nulline
616 330 717 392 fuis'ee
738 332 913 404 monenti,
947 331 1003 397 sed
1025 333 1108 414 judi-

94 464 169 508 cem
188 419 287 505 euicit
316 442 396 520 juria
417 441 557 516 uinculis
581 441 839 524 circumseptum.
884 442 978 506 Haud
1000 458 1107 508 tamen

159 701 307 761 interdum
335 711 362 756 et
385 702 416 755 in
443 701 553 755 actione
579 703 669 755 stricti
691 701 787 770 judicii
811 702 841 755 iu
859 702 937 760 litem
954 708 1103 776 iurandum

162 805 223 851 eata
248 792 336 849 veluti
361 793 385 846 si
407 792 565 863 promissor
578 789 668 846 Stichi
692 808 803 846 moram
822 793 931 862 lecerit,
949 801 977 850 e't
993 796 1105 853 Stichus

163 884 416 957 deoeeterita-quia
432 881 514 951 iudex
535 884 680 938 aestimare
700 884 761 939 aine
771 882 907 940 relatione
924 888 1102 958 jurisjurandi
1136 880 1158 888 ”
1193 904 1197 912 ·

163 995 227 1033 nou
243 985 336 1048 potept
352 992 423 1040 rem,
440 993 512 1047 quae
528 990 588 1031 uon
605 982 722 1029 exstat.¹·
756 974 856 1048 ¹l’otiua
872 963 959 1047 jura'ri
977 980 1007 1032 iu
1026 979 1101 1037 litem

166 1065 288 1149 aoleltat,
313 1067 539 1141 quotiescunque
563 1063 631 1121 aliae
655 1064 805 1123 deficerent
827 1063 950 1124 rationee
968 1072 1008 1124 cei
1026 1089 1102 1127 com-

165 1156 341 1232 probandae,·
366 1157 386 1210 l.
402 1157 429 1212 3.
448 1158 479 1213 C.
498 1156 532 1210 de
545 1155 607 1211 reb.
626 1156 714 1210 orel:
738 1195 755 1219 ‚,
767 1159 797 1209 in
822 1157 850 1212 u.
868 1157 889 1215 l.
907 1158 1029 1228 judiciis,
1052 1181 1103 1220 nee

164 1266 224 1303 non
250 1250 281 1303 in
306 1248 536 1314 cet'erie'causia‚
561 1248 656 1322 iuopia
675 1247 893 1319 probationum,
916 1269 968 1322 per
984 1253 1101 1323 judicem

164 1341 360 1413 jurejurando,
377 1359 460 1395 causa
477 1339 608 1410 cognita,
627 1357 672 1393 rea
688 1338 776 1392 decidi
794 1343 937 1413 oportet.'’
974 1342 1052 1414 Quin
1068 1347 1101 1400 ad

161 1434 258 1489 οιιιιιὲι
273 1432 378 1504 judicia
394 1430 593 1503 iunior-andum
608 1412 754 1501 pertinuit.
771 1442 882 1487 namet
900 1433 930 1486 in
947 1434 1102 1492 arbitrariie

155 1526 270 1598 judiciis
292 1523 349 1578 hoc
375 1526 563 1594 jurameutum
587 1521 785 1586 adhibebatur;
820 1524 839 1579 l.
855 1524 883 1578 t.
901 1543 945 1596 pr.
963 1526 1001 1584 D.
1020 1527 1100 1585 dein

157 1618 200 1672 tit.
217 1619 272 1687 jur.
291 1622 318 1685 §.
335 1615 381 1670 30.
399 1618 426 1673 J.
445 1602 479 1670 tle
496 1615 600 1668 action.
636 1613 801 1683 Negandum
823 1624 917 1683 tamen
942 1633 1001 1670 non
1024 1618 1099 1689 uide.

158 1719 222 1771 tur,
253 1722 393 1761 summam
416 1704 619 1762 aestimationis
642 1704 724 1763 aliam
749 1704 833 1759 fuisse
859 1708 888 1758 in
912 1706 1002 1762 bonae
1023 1708 1098 1778 fidei,

159 1814 245 1868 quatu
263 1796 367 1852 strictis
382 1797 507 1865 judiciia3
523 1796 542 1849 l.
562 1795 588 1850 3.
606 1794 644 1848 l).
663 1795 852 1869 commodati:
871 1796 923 1862 „ln
940 1797 993 1854 hac
1009 1803 1098 1859 actio·

159 1906 204 1953 ne,
221 1889 296 1943 sieut
318 1890 350 1943 in
366 1880 464 1945 ceteiia
480 1889 570 1944 bonae
592 1885 657 1940 fidei
679 1886 797 1959 judiciis,
822 1886 954 1945 similiter
969 1891 999 1969 in
1016 1892 1097 1955 litem

156 1979 312 2051 jurabiturt
336 1992 364 2037 et
379 1981 423 2039 rei
438 1979 603 2051 judicandae
621 1989 739 2052 tempus,
757 1982 855 2052 quanti
871 1999 916 2037 res
934 1985 979 2047 ait,
997 1986 1096 2042 oluer-

114 2064 129 2115 -’
156 2083 268 2145 vatur,
277 2073 407 2162 quamvia
431 2073 463 2127 in
479 2071 584 2127 strictis
598 2071 709 2142 judiciis
726 2071 783 2125 litia
801 2081 970 2145 contestatae
984 2084 1096 2150 tempua

157 2165 335 2236 ιριιῐιιιιι.”
1037 2214 1040 2219 ⁴

157 2252 254 2319 2·.)
275 2252 387 2321 Neque
394 2252 468 2317 auio,
490 2269 527 2307 an
545 2255 565 2306 ii
583 2221 685 2307 rectius
703 2253 934 2320 existimaverint,
958 2256 1008 2325 qui
1022 2272 1095 2329 pro-

73 2364 88 2383 ν
161 2343 260 2416 prium
282 2341 312 2395 b.
331 2341 357 2396 l.
368 2341 533 2413 judiciorum
551 2343 701 2409 hebetent,
726 2341 910 2431 obligationes
932 2346 1021 2415 pactio
1044 2347 1094 2408 atl-

155 2432 237 2507 jectie
254 2433 365 2491 mutari.
401 2432 578 2498 paciscendo,
598 2453 656 2489 nou
675 2434 792 2489 dubium
808 2426 859 2501 est,
877 2443 905 2488 et
920 2437 1014 2508 augeri
1031 2437 1059 2492 b.
1071 2437 1092 2494 f.

153 2525 363 2597 obligationes„
378 2536 406 2580 et
428 2525 569 2591 deminui3
593 2522 731 2598 siquidem
755 2527 785 2579 iu
808 2527 962 2582 continenti
977 2539 1092 2602 paetum

98 2686 102 2698 ¹
152 2618 293 2693 adjectum
318 2628 398 2674 creet.
435 2618 472 2683 (l.
488 2616 515 2672 7.
537 2619 564 2687 t.
582 2616 610 2672 5.
629 2627 656 2672 et
673 2620 699 2674 6.
715 2617 756 2672 Ι).
783 2616 817 2671 de
833 2619 931 2692 pactio.
959 2618 1039 2695 tta.
1057 2620 1091 2677 C.
1182 2681 1185 2688 ,

76 2694 78 2699 ’
151 2711 183 2767 li.
206 2714 251 2775 t.)
285 2708 371 2764 Plane
398 2719 499 2763 eontra
521 2706 647 2781 disputat
669 2706 774 2765 Paulus
796 2698 857 2765 Lib'.
874 2708 925 2770 IV.
952 2714 1093 2784 quaestio·

151 2818 239 2866 nutu,
260 2802 310 2873 qui
328 2798 396 2855 (licit
413 2806 460 2854 eat'
476 2788 580 2873 apertis
598 2798 706 2866 verbis,
728 2809 756 2855 et
774 2796 924 2857 verborum
941 2803 1090 2876 obligatio·

152 2890 239 2946 nibus
260 2891 351 2965 pactis
380 2890 493 2963 quidem
515 2891 546 2945 in
569 2892 724 2946 continenti
747 2890 830 2962 adjici
852 2910 961 2964 poete·
995 2893 1018 2948 1.
1041 2898 1087 2951 to.

150 2986 190 3040 t).
209 2982 242 3037 (le
257 2983 317 3040 reb.
334 2981 453 3054 eruditi
471 2982 641 3049 „Dicebam
664 2983 729 3056 quia
746 2993 826 3056 pacta
841 2983 1030 3039 incontinenti
1050 2985 1090 3042 fa·

149 3088 195 3130 eta
218 3074 394 3147 stipulationi
415 3074 506 3128 inesse
529 3073 695 3154 creduntur,
720 3073 837 3148 perinde
854 3092 923 3142 ease,
948 3091 980 3128 ac
997 3074 1021 3128 ai
1038 3093 1091 3147 per
1181 3132 1183 3136 ,

152 3164 280 3238 singulae
302 3182 413 3220 menaea
438 3176 542 3232 certam
559 3166 707 3239 pecuniam
724 3166 885 3238 stipulatus,
920 3164 1013 3238 quoad
1029 3177 1090 3222 tar·

153 3256 215 3313 tliue
233 3257 325 3313 soluta
341 3265 426 3319 eaaet,
437 3264 544 3334 Ιἰιιιιιιιι
562 3256 712 3330 adjecisset
720 3258 739 3289 ’'
773 3258 817 3310 De
833 3256 1013 3329 stipulatione
1030 3269 1090 3316 tra·

151 3349 246 3419 ditur,
270 3349 316 3403 cui
341 3342 540 3419 strictum‘jua
563 3350 746 3418 coniunctum
763 3358 834 3413 erat3
871 3349 964 3420 itaque
982 3360 1089 3407 certum

149 3451 208 3507 eat,
232 3438 316 3495 eiad
341 3448 423 3512 pacta
448 3439 553 3512 adjecta
575 3450 697 3512 spectes,
718 3440 814 3494 atri'cta
837 3449 865 3494 et
889 3439 917 3496 b
941 3440 963 3496 s.
986 3441 1089 3514 judicia

148 3530 270 3589 omniuo
288 3548 452 3613 congruere.
486 3533 523 3586 Et
539 3530 620 3598 haee,
646 3541 673 3586 et
689 3520 777 3597 alia,
777 3548 847 3602 quae
864 3531 1018 3607 prudentes
1035 3537 1090 3593 viri

146 3625 180 3679 in
197 3618 290 3678 variae
307 3624 460 3676 tententiae
477 3623 604 3677 arbitrati
621 3633 696 3689 aunt,
714 3621 844 3693 pluribus
861 3620 975 3695 rejicere
992 3645 1090 3700 super·
1138 3615 1144 3625 ⁸

145 3696 239 3771 eculeo.
278 3713 393 3785 Quanta
417 3698 486 3767 lidee
510 3712 648 3785 ejusmodi
673 3711 910 3784 disputationibus
934 3717 987 3781 ait,
1014 3717 1088 3773 haud
1184 3730 1186 3734 ·

126 3805 279 3903 'ignotum¹
293 3800 434 3861 habebit
426 3822 466 3869 ts,
484 3802 597 3874 quiid,
614 3804 690 3876 quod
708 3822 723 3858 a
741 3810 786 3887 uie
802 3803 908 3858 dictum
928 3818 970 3861 eet
976 3826 1089 3879 ,repu-

141 3899 256 3953 taverit
322 3916 325 3921 ·
416 3902 419 3909 '
703 3919 705 3922 ·
729 3906 733 3915 “

101 4004 168 4080 Ttg.
175 4006 224 4087 *de
239 4002 404 4077 judicibus.
466 4018 485 4046 ·-
746 4052 748 4059 ,
769 3985 803 4051 K
