2400 4328
468 184 707 249 -126-

88 365 130 433 ln
147 362 248 429 fidem
265 358 313 424 r'ei
334 365 460 422 nostrae
482 358 563 419 haec
591 358 690 421 verba
716 354 868 426 Gordiani
888 361 1104 452 imperatoris

13 454 25 471 ’
87 477 225 562 legimus
246 472 268 533 lt
291 466 323 530 4.
349 463 385 530 G.
410 464 567 552 depositi:

131 581 220 670 „sed
240 582 271 645 si
291 599 364 642 oum
390 575 529 663 depositi
556 577 683 641 actione
711 592 903 667 expertnms
930 587 1003 669 ais,⁸
1022 600 1102 657 tan.

126 690 293 760 tummodo
316 691 412 754 sortis
441 691 536 750 sacta
553 685 779 758 condemnatio
810 706 880 760 est:
923 700 1009 765 ultra
1027 724 1099 770 non

126 815 221 892 potes
235 813 374 890 ’propter
392 819 506 863 usuras
528 798 712 886 experiri3'’

25 930 34 939 ’
87 929 121 984 et
148 936 278 980 causam
306 932 383 977 suae
420 911 602 1018 sententiae
636 911 721 974 hanc
760 909 851 977 addit
884 919 1096 1005 sequentihus

85 1030 212 1097 verbis:

129 1161 226 1222 „non
246 1138 335 1200 enim
355 1133 438 1199 duae
459 1145 536 1199 sunt
556 1133 709 1213 actiones,
733 1135 798 1198 alia
818 1134 1096 1219 manualium.

60 1237 65 1250 ⁸
127 1270 248 1328 rarum,
272 1236 330 1310 sed
351 1242 460 1308 nna.”

86 1362 244 1428 Dicuntur
264 1353 395 1442 quidem
415 1356 477 1417 hoc
498 1356 568 1418 loco
588 1353 677 1418 haud
699 1353 774 1436 alia,
797 1374 898 1442 quam·
912 1379 996 1446 quae
1015 1372 1095 1426 ante

85 1473 231 1562 pluribus
252 1467 471 1530 demonstrata
492 1477 600 1546 erant3
623 1486 696 1528 cum
718 1467 808 1529 enim
824 1471 915 1532 nulla
932 1471 1012 1533 aetio
1032 1492 1089 1534 es-

86 1595 153 1664 set,
180 1581 359 1644 affirmatur
385 1577 613 1680 obligptionem
649 1575 762 1640 deesse
768 1602 781 1655 3
823 1583 947 1645 etenim
970 1600 1087 1668 excep-
1120 1580 1135 1591 “’

84 1696 175 1758 tione
201 1693 252 1757 rei
279 1687 436 1769 judicatae
462 1685 613 1763 debebat,
629 1700 718 1755 actor
737 1692 862 1778 repelli.
904 1689 1010 1780 quue
1026 1693 1092 1758 fert

84 1803 173 1868 idem
187 1803 275 1864 locus
294 1801 348 1863 his
368 1801 491 1863 verbis:
875 1818 879 1831 ·
1097 1788 1101 1794 ’

126 1934 200 1994 „ex
228 1930 292 1996 qua
311 1907 577 1976 condemnatione
602 1913 687 1975 facta
714 1912 828 1976 iterata
857 1914 940 1976 actio
963 1917 1021 1994 sit,
1046 1918 1095 1983 nei

126 2020 281 2103 judicatae
302 2022 491 2107 exceptione
512 2026 688 2112 repellitur.
698 2023 721 2057 '²

85 2133 213 2218 Quibus
234 2134 432 2214 argumentis
453 2137 530 2197 satis
551 2138 717 2200 enucleata
736 2152 788 2196 res
809 2108 879 2210 ecit,
896 2134 1093 2224 regulaque,

84 2268 183 2337 quam
202 2246 264 2310 hoc
284 2245 357 2308 loco
377 2247 514 2332 probare
534 2248 740 2334 suscepimus,
761 2263 875 2307 usuras
896 2264 964 2308 non
978 2247 1094 2316 inesse

1 2395 15 2448 ι
83 2355 279 2440 obligationi,
301 2355 358 2421 sed
379 2358 420 2421 ob
441 2358 634 2443 aequitatem
656 2368 749 2422 extra
771 2356 1006 2439 obligationem
1019 2362 1092 2449 peti

81 2450 195 2557 posse·
210 2501 254 2514 -
1023 2528 1035 2549 ,

166 2577 214 2641 At
234 2596 366 2656 usuras,
394 2597 430 2641 re
450 2573 605 2658 judicata,
627 2576 697 2662 peti
725 2598 792 2641 non
811 2578 1089 2663 posse-legimns3

81 2689 171 2754 idem
191 2685 232 2749 de
255 2687 366 2749 ceteris
387 2687 618 2751 accessionibus
628 2708 787 2773 nusquam
798 2688 1090 2754 commemoratum

82 2801 158 2865 scio.
201 2795 289 2858 Haec
316 2806 426 2860 autem
453 2798 564 2880 regula
584 2799 722 2861 obtinuit
742 2810 792 2862 sat
814 2800 927 2886 iniqua
946 2800 985 2884 in
1004 2802 1088 2867 bf.

80 2907 226 2994 judiciis,
259 2886 333 2970 cum
364 2910 507 2995 alioquin
534 2906 648 2971 eadem
669 2911 828 2994 aequitate
849 2911 984 2999 propria
1001 2914 1086 2979 actio
1129 2965 1135 2980 .

80 3022 251 3088 constituta
273 3032 358 3084 esset
378 3023 415 3084 in
436 3020 775 3107 compensationibus,
801 3018 842 3084 de
871 3024 987 3107 quibus
1004 3031 1082 3107 post

44 3161 47 3165 ’
80 3130 206 3196 dicendi
224 3133 314 3195 locus
335 3133 406 3195 erit.
429 3128 555 3193 Tamen
574 3127 662 3193 haud
682 3131 777 3194 facile
797 3130 981 3196 remedium
997 3126 1079 3193 dee-

77 3255 137 3323 rat,
150 3222 214 3328 quo
232 3252 265 3305 et
282 3244 363 3306 haec
377 3262 429 3305 res
439 3235 581 3326 (quaein
592 3239 702 3304 odium
713 3263 882 3307 usurarum
896 3230 1082 3307 innodicta

76 3353 226 3432 videtur)
250 3353 286 3415 in
305 3344 424 3418 melius
444 3353 613 3449 reformari
632 3353 776 3442 poterat,
794 3350 1001 3441 provocando
1024 3350 1081 3441 ¹⁰)

71 3520 272 3567 ..d-.-

75 3644 129 3716 Ν)
145 3646 179 3703 ta
196 3646 263 3702 satis
281 3646 405 3704 ostendit
420 3647 441 3706 l.
453 3648 496 3705 13.
514 3646 546 3706 C.
558 3649 591 3705 de
608 3667 704 3707 usna-‚t
722 3651 775 3720 „In
790 3651 821 3707 b.
840 3650 862 3707 f.
880 3630 993 3723 judiciis
1010 3668 1081 3710 usn·

138 3754 235 3793 rarum
255 3739 395 3794 rationem
408 3736 517 3795 ,heberi
540 3751 648 3796 certum
671 3751 721 3798 cst.
755 3743 809 3799 Sed
826 3744 851 3800 si
868 3740 986 3811 finitum
1000 3744 1082 3819 judi·

138 3829 221 3885 cium,
232 3830 369 3885 sententia
383 3847 443 3885 non
460 3831 574 3902 adjectis
591 3834 693 3903 usuris,
706 3852 758 3892 nec
773 3836 939 3911 protentio
957 3847 1081 3912 sequuta

138 3930 190 3992 cst,
206 3919 286 3979 finita
302 3922 477 3981 retractanda
493 3938 553 3979 non
570 3925 667 3989 sunta!
