2400 4328
529 175 783 242 ...14-’
898 274 903 283 ,

184 368 210 441 ¹„
217 349 253 419 id
270 353 308 420 in
327 349 401 417 eliis
420 351 516 415 rebus
536 348 768 437 quinquaginta
795 349 917 414 mum
937 361 999 430 est,
1020 349 1057 414 in
1077 351 1151 416 aliie

112 449 115 460 ¹
186 466 436 554 quingentorum
456 463 644 542 intereos,
676 461 732 547 qni
751 457 872 542 judicio
897 462 983 527 inter
1012 479 1049 526 se
1071 483 1153 540 cons

186 575 370 643 tenderent.
382 571 404 606 ”
1108 569 1111 574 ’

230 659 346 751 Alidm
364 705 442 749 vero
462 685 548 749 hanc
568 680 759 748 sacrmenti
778 682 939 750 rationem
958 681 1078 765 fuisse,
1101 696 1156 751 at·

148 818 212 884 que
230 798 266 860 in
287 797 478 860 sacramenti
498 796 641 871 actione,
675 815 719 859 ne
740 795 921 875 credamus,
956 795 1156 883 impedimur

54 929 69 940 ⁵
146 906 256 973 uerbis
282 904 440 972 Varronis
471 901 513 988 ⁷)
543 903 717 970 edicentisr
751 906 839 992 „qui
870 906 988 985 judicio
1020 907 1155 988 vicerat,

150 1038 248 1084 snum
267 1023 504 1080 'sacramentum
526 1018 712 1098 auferebat3
732 1016 809 1080 victi
828 1013 870 1077 ad
890 1017 1048 1082 aerarium
1065 1018 1157 1083 redi-

100 1146 103 1154 “
148 1126 274 1195 bant'’:
303 1139 400 1214 atque
419 1129 501 1191 hoec
521 1128 604 1191 ratio
625 1147 665 1190 ea
687 1137 755 1205 est,
785 1147 883 1212 quam
905 1124 1005 1207 Gajus
1025 1153 1158 1200 memo-

148 1239 218 1307 riae
237 1236 407 1302 mandavit
426 1234 467 1301 de
488 1238 617 1302 notione
638 1239 849 1320 sacramenti3
868 1239 953 1302 hanc
974 1243 1063 1305 enim
1074 1265 1160 1329 poe·

150 1371 229 1417 nam
248 1349 286 1414 in
306 1348 466 1413 aerarium
488 1349 638 1425 cessisse,
661 1351 742 1414 haec
761 1346 840 1413 dant
859 1349 896 1414 in
915 1349 1061 1426 medium
1081 1374 1161 1420 ver-

149 1465 193 1529 ba
213 1461 374 1527 auetorisr
405 1480 532 1541 „nam,
554 1459 612 1546 qui
630 1460 737 1524 rictus
758 1469 844 1536 erat,
867 1481 1030 1527 summam
1050 1483 1161 1529 sacra-

150 1573 257 1640 menti
276 1573 459 1670 praestabat
478 1591 604 1657 poenae
623 1571 757 1635 nomine
766 1615 787 1670 ,x
804 1591 908 1658 eaque
933 1575 970 1638 in
989 1577 1159 1661 publicum
1178 1599 1198 1635 z

150 1682 311 1752 cedebat’'
335 1678 396 1766 8),
426 1693 460 1746 et
481 1682 546 1759 alio
567 1684 662 1762 loco,
690 1681 747 1744 ubi
768 1676 809 1744 de
830 1682 978 1748 vindiciis
1003 1690 1158 1754 exhibete

150 1795 266 1878 „alios
295 1804 405 1857 autem
429 1789 566 1878 praedes
593 1791 728 1855 Praetor
753 1793 793 1854 ab
822 1804 959 1879 utroque
980 1799 1158 1884 acciprebat

150 1905 352 1984 sacramenti,
373 1899 460 1989 quod
479 1903 517 1965 in
538 1901 706 1988 publicum
727 1898 932 1985 cedebat⁹)’',
952 1911 1093 1972 utnulla
1115 1913 1159 1975 sit

152 2014 330 2092 dubitatio,
367 2013 446 2099 quin
470 2010 507 2076 in
533 2008 650 2089 judicis
671 2009 890 2095 postulatione
913 2011 1029 2079 eodem
1050 2039 1161 2085 sacra-
1195 2032 1198 2040 ⁴

150 2139 263 2194 mento
295 2132 401 2188 actum
429 2121 491 2202 sit,
525 2140 589 2206 quo
615 2120 652 2183 in
680 2121 870 2182 sacramenti
890 2123 1055 2189 actione..
1195 2100 1198 2129 ¹

181 2229 184 2234 ’
237 2237 314 2302 dam
324 2233 504 2297 veronulla
514 2226 1161 2320 prorsusmihividetursuperessecause

114 2384 117 2389 >
152 2342 338 2425 dubitandi,
369 2343 398 2409 si
418 2342 593 2408 accuratius
613 2343 793 2426 investigo,
824 2365 906 2430 quae
925 2345 1160 2432 posterioribus

50 2481 58 2488 ·
152 2455 364 2546 temporibus,
386 2467 462 2543 post
483 2467 719 2519 sacramentum
741 2456 915 2536 abolitum,
936 2455 1018 2518 ratio
1040 2454 1159 2537 agendi
1194 2512 1198 2531 ,

47 2551 58 2616 s
151 2565 333 2637 introducta
354 2565 408 2629 sit.
459 2563 539 2637 Erat
559 2562 752 2649 enim'Gajo
778 2576 861 2629 teste
881 2561 945 2649 ὀ)
967 2567 1160 2632 sacramenti
1190 2534 1198 2591 ³¹

30 2669 35 2679 ’
152 2698 260 2768 poena
280 2673 478 2755 introducta,
509 2696 553 2740 ne
576 2677 647 2762 quis
669 2687 793 2740 temere
818 2665 978 2757 litigaret,
995 2699 1068 2743 nec
1089 2689 1159 2741 erat
1195 2658 1198 2739 ἶ

153 2790 235 2857 baec
255 2787 335 2888 alia,
372 2807 470 2875 quam
488 2780 623 2875 posthac
642 2785 904 2876 stipulationibus
931 2774 1073 2854 invicem
1093 2788 1160 2853 sibi

156 2951 358 2977 m

158 3070 196 3132 ²)
212 3067 276 3124 loco
291 3068 380 3124 'citato
395 3067 429 3124 de
445 3067 540 3139 lingue
557 3068 644 3127 latine
662 3068 716 3136 Ν,
738 3068 784 3129 36.

158 3161 196 3231 ⁸)
221 3160 308 3233 Gejus
325 3161 379 3224 Ν,
405 3159 450 3216 13.
485 3163 583 3216 Primo
604 3172 733 3235 tempure
758 3161 937 3235 deponebant
957 3168 1051 3232 partes
1068 3176 1162 3215 seme·

70 3242 93 3260 “’
225 3262 364 3319 mentum,
399 3253 484 3309 Varr.
501 3252 536 3308 de
552 3254 620 3324 ling.
637 3255 686 3312 lat.
703 3256 764 3320 lv,
788 3255 851 3311 oar
875 3249 993 3326 posthac
1009 3269 1064 3323 pro
1082 3269 1117 3306 eo
1135 3259 1164 3306 et
1195 3232 1198 3287 ἶ

226 3343 341 3414 praedes
358 3344 464 3416 accepit
479 3338 607 3410 Praetor,
623 3346 687 3416 Gej.
705 3349 757 3411 Ν,
775 3345 818 3406 13.
838 3346 882 3401 16.

159 3431 190 3507 ’)
214 3435 260 3490 el.
284 3433 374 3495 eunde
386 3446 493 3492 auctor.
510 3437 568 3500 lv,
595 3437 651 3503 16.,
675 3436 708 3491 de
730 3436 832 3508 praede
849 3434 907 3489 lilio
931 3441 959 3487 et
975 3428 1164 3486 vindiciarum

222 3526 378 3581 Asconium
394 3525 563 3585 Paedianum
579 3528 611 3582 in
627 3527 793 3583 Ciceronem
816 3529 849 3582 in
870 3531 987 3586 Verrem
997 3521 1064 3641 ὶΙῙι
1096 3538 1164 3594 1²⁸6·
1193 3548 1198 3571 ¹

44 3641 57 3693 j
188 3684 191 3688 ¹
226 3617 306 3673 1849.
335 3618 397 3688 Gej.
415 3617 470 3686 IV,
494 3620 538 3676 16.

160 3706 209 3779 ²⁰)
230 3707 320 3780 -Qucd
337 3707 410 3764 baud
428 3708 512 3765 dubie
528 3709 614 3780 Gaius
631 3707 736 3782 prodit,
753 3708 803 3780 qui
820 3707 877 3773 Ν,
892 3703 937 3762 36.
954 3702 989 3759 de
1005 3719 1105 3775 poena
1116 3718 1165 3758 ra·

16 3783 36 3796 N
227 3800 365 3855 crementi
395 3799 464 3857 haec
489 3801 558 3856 dicit
592 3794 704 3872 „taque
732 3800 762 3853 in
790 3797 937 3870 publicum
964 3794 1104 3849 cedebat.
1123 3828 1163 3850 ·.

223 3908 287 3953 non
303 3902 336 3949 nt
351 3909 429 3949 nnnc
445 3892 608 3965 sponsionis
616 3892 653 3948 'et
669 3890 892 3965 restipulationis
908 3903 1001 3962 poene
1017 3885 1099 3942 oet.'’
1193 3926 1198 3941 .

65 3978 115 4072 Ι
