2406 4328
464 202 515 233 '-
558 182 623 249 271
668 216 710 231 -
786 227 792 243 .

84 370 177 435 Tam
199 363 286 428 enim
308 338 409 420 exiles
431 374 482 417 res
502 350 667 437 dabantur,
687 365 724 420 ut
744 354 801 421 uix
823 352 955 437 dignum
977 353 1090 420 existi·

88 486 197 545 maret
217 475 316 548 ullus,
339 470 518 530 orationem
538 466 657 531 habere
677 478 753 530 ante
774 468 1007 545 centumviros,
1031 470 1102 529 irec-

91 596 222 656 orarent
245 586 312 644 lere
335 580 397 641 nisi
417 576 510 662 pueri
529 578 642 658 ignari,
664 589 697 641 et
717 579 752 641 in
772 582 843 657 jura
865 572 953 641 civili
970 571 1091 640 adbuc-

91 701 191 778 dmn,
215 705 250 757 et
271 712 331 753 usu
352 687 474 751 forensi
493 687 655 772 imperiti:
685 704 725 751 eo
746 688 818 773 ipso
838 697 1003 774 ternpore,
1028 708 1091 772 quo

89 809 212 892 judicia
231 797 478 865 centannviralia
499 797 534 858 in
554 797 662 880 aliquo
681 798 805 861 honore
825 798 1029 875 haberentur,
1043 794 1096 860 id·

90 942 157 1008 que
177 926 309 1000 tempus
326 907 621 988 eratQuinctiliani,
643 908 698 972 uel
717 912 787 987 ejus
806 905 966 995 discipuli,
988 911 1098 973 mino-

92 1035 139 1095 ris
160 1026 270 1093 Plinii.
315 1022 382 1086 Nec
412 1040 492 1084 vero
519 1028 669 1107 poterant
697 1016 767 1082 dari
796 1020 1004 1084 centumviris
1033 1022 1097 1085 nisi

96 1164 151 1205 res
171 1138 227 1202 vel
247 1136 435 1209 facillimae,
458 1149 538 1214 quas
557 1129 669 1209 multis
692 1139 726 1192 et
746 1127 917 1211 diligenter
934 1152 1100 1218 exponere

99 1250 175 1314 uix·
192 1248 259 1309 ullo
284 1258 433 1331 tempore
460 1241 587 1319 iuuaret
618 1249 778 1302 oratorem
808 1252 842 1303 et
867 1244 1028 1328 peritum,
1066 1254 1099 1307 et

100 1354 332 1436 exercitatam
355 1374 429 1416 curn
448 1359 613 1438 praeterea
633 1370 699 1413 non
720 1347 854 1415 dubium
875 1351 973 1430 sit,in
993 1370 1031 1416 re
1050 1355 1102 1417 fa.

101 1472 222 1535 cillima
247 1465 408 1530 maximm
438 1473 530 1525 natas
557 1459 758 1525 difficultates
778 1462 865 1527 inter
885 1442 1101 1528 centrunviros

98 1578 259 1668 ancipites
288 1588 322 1640 et
350 1575 486 1653 injure
515 1571 604 1636 civili
632 1564 812 1637 haerentes.
866 1570 1038 1639 Praeterea
1067 1584 1100 1638 et

99 1699 233 1781 propter
252 1686 391 1773 capitum
410 1702 599 1764 rosnarum,
630 1693 663 1745 st
684 1683 759 1769 quia
778 1682 870 1765 aliis,
901 1685 1009 1773 iisque
1028 1704 1103 1768 gn.

101 1802 270 1873 rioribus,
309 1793 431 1859 detenti
461 1801 568 1858 essent
592 1792 875 1879 occupationibus,
892 1795 978 1860 'fieri
1003 1814 1103 1885 saepe
1167 1800 1170 1805 '

104 1910 258 1989 debebat,
279 1918 317 1971 ut
336 1906 472 1988 singulis
492 1904 606 1967 litibus
625 1904 684 1967 uix
704 1902 902 1986 litigatorum
923 1916 1013 1973 aetus
1033 1910 1104 1972 suf·

102 2022 225 2085 ficeret.
255 2015 377 2082 Omnia
392 2036 471 2082 vero
488 2020 527 2081 'et
547 2017 621 2096 alia,
644 2034 725 2101 quae
745 2036 841 2103 supra
853 2008 1008 2111 'expodta
1027 2031 1106 2083 sunt

101 2127 146 2195 de
166 2148 277 2193 eorum
296 2128 431 2208 judiciis,
454 2148 512 2192 sua
534 2128 627 2212 quasi
648 2128 835 2191 necessitate
849 2129 1102 2209 nobilitamur,

103 2251 140 2304 et
159 2240 238 2319 lixa,
259 2241 290 2303 si
309 2240 436 2303 hastam
458 2236 731 2301 centumviromm
752 2235 888 2300 eandem
907 2237 1010 2300 fuisse
1028 2260 1104 2303 sen-

86 2350 245 2429 tiamus,
275 2368 356 2435 quae
383 2360 453 2413 erat
472 2348 508 2409 in
527 2344 727 2408 auctionibus
748 2345 864 2428 posita.
906 2338 1112 2435 Nec'supers.

105 2462 170 2526 erit
188 2450 254 2546 ulla
276 2459 450 2536 dubitatio,
481 2457 510 2517 si
530 2466 675 2519 nostram
702 2454 861 2517 rationem
882 2458 1105 2543 amplectaris:

105 2582 219 2635 atvero
239 2593 309 2635 rem
329 2569 458 2650 longius
474 2578 630 2654 repetere,
653 2586 758 2652 neque
778 2568 933 2654 temporis
953 2570 1025 2632 lore
1044 2590 1106 2655 pu·
1175 2569 1178 2573 ’

104 2680 191 2761 tavi,
214 2702 320 2767 neque
340 2682 437 2759 hujus
456 2678 529 2741 loci.

554 2812 580 2896 l·
622 2810 675 2878 aa.

193 2934 290 3021 Quae
310 2938 453 3005 effecisse
473 2940 557 3005 mihi
574 2939 697 3022 videor,
721 2961 793 3004 cum
813 2936 1018 3028 disputarem,
1032 2944 1109 3007 bac-

106 3028 201 3116 tenus
223 3046 416 3115 verisimilia
437 3074 585 3140 sequens,
606 3054 720 3117 hastae
741 3050 1012 3115 centumuirorum
1032 3054 1110 3133 subs

106 3160 206 3240 jactas
228 3181 299 3225 esse
320 3184 373 3227 res
394 3165 521 3250 publice
542 3154 793 3229 venumdanda's.
824 3160 926 3247 quue
948 3181 1021 3223 cum
1041 3162 1110 3225 sola

106 3272 167 3335 hac
189 3274 368 3352 conjectura
397 3272 526 3358 quidem
546 3273 710 3361 probabile
731 3284 800 3353 est3
829 3282 899 3334 tum
921 3266 1110 3357 quibusdam

107 3382 208 3445 etiam
237 3382 383 3463 vestigiis
413 3382 587 3463 indicatur,
617 3382 658 3447 'de
680 3384 795 3469 quibus
816 3387 880 3462 jam
902 3368 1109 3468 reliqua'erit

104 3491 282 3579 inquisitio.
921 3506 924 3513 ·

92 3638 95 3643 -
188 3599 396 3666 Persuadebit
416 3604 507 3667 nobis
530 3618 604 3666 eam
625 3620 695 3662 rem
714 3594 833 3678 Gaius,
866 3608 962 3687 que'nr
983 3602 1111 3693 aliquo-

104 3710 165 3777 ties
186 3714 253 3793 jam
274 3733 370 3799 supra
390 3725 553 3785 auctorem
573 3710 614 3775 de
636 3730 673 3775 ea
695 3729 730 3770 re
751 3706 969 3793 laudavimus,
991 3744 1036 3766 -
1066 3712 1107 3775 de

101 3822 226 3885 festuca
245 3824 280 3885 in
301 3824 449 3888 vindiciis
470 3826 567 3889 rerba
589 3824 675 3902 facit,
696 3832 740 3898 et,
762 3832 799 3883 ut
819 3822 932 3885 hastae
952 3842 1052 3885 usum
1071 3824 1107 3885 in

98 3933 322 3997 centumvirali
337 3932 455 4017 judicio
477 3934 675 4025 explicaret,
693 3933 780 3997 iudeo
794 3932 907 3998 babet
920 3931 1052 3995 ''abiut‘-
