2400 4328
586 154 608 218 7
669 189 714 204 ..-

87 296 156 416 i¹¹⁸2
184 329 286 398 indnn
323 347 565 415 nonnumquam
594 329 705 415 procul
733 328 773 391 ab
808 319 991 392 adversario
1028 346 1105 406 ege-

88 494 296 517 Μ

155 592 373 660 adducebatur,
406 592 436 646 in
455 593 629 661 comitium,
657 610 690 648 ac
712 592 859 667 propalam
883 586 1103 663 praedicebatur,

153 689 193 744 ob
209 699 332 758 quantas
349 684 481 759 pecunias
500 685 610 740 vinctus
625 694 706 742 esset.
752 684 895 757 Denique,
921 681 945 734 si
964 677 1103 733 vindicem

157 779 277 833 daturus
295 792 357 828 non
375 783 463 841 esset,
487 787 536 830 aut
554 776 628 830 servi
646 777 710 831 loco
728 774 882 837 habebatur
899 782 949 828 aut
965 768 1103 826 cendeba-

160 881 219 924 tur.
250 869 293 922 De
312 865 363 921 hac
382 883 412 920 re
431 865 539 920 Gellius
557 877 654 921 auctor
677 866 907 937 diligentissimus
930 873 971 916 est
992 880 1024 916 ac
1049 878 1101 912 co-

163 959 354 1032 piosissimus,
373 958 414 1011 sic
431 944 569 1027 scriptum
587 957 703 1029 reliquit
720 958 751 1011 in
768 957 804 1015 N.
821 958 854 1011 A.
872 958 948 1021 XX,
969 955 993 1009 1.
1012 971 1100 1018 „con-

162 1053 228 1106 fessi
242 1051 331 1121 igitur
347 1048 420 1103 seris
438 1046 574 1123 acpdebitl
595 1048 724 1118 judicatis
742 1050 856 1119 triginta
874 1045 932 1100 dies
949 1054 1016 1100 sutit
1034 1043 1100 1105 dati,

119 1209 126 1217 ..
159 1139 367 1215 conquirendae
383 1134 518 1212 pecuniae
535 1157 631 1204 cause,
649 1157 735 1213 qnam
752 1139 946 1194 dissolverent.
988 1136 1101 1205 anque

159 1235 218 1287 dies
233 1231 393 1287 Decemviri
407 1233 494 1299 justos
512 1231 691 1302 appellarunt
707 1232 784 1285 velut
796 1231 937 1302 quoddam
954 1227 1102 1298 justitium,

156 1324 187 1380 id
214 1333 272 1390 eat,
308 1323 378 1393 juris
404 1324 479 1375 inter
503 1339 552 1376 eos
575 1324 657 1393 qnasi
680 1323 897 1377 interstitionem
916 1318 1055 1393 quendam
1073 1328 1101 1371 et

156 1415 359 1478 cessationem,
393 1411 496 1484 quibus
514 1412 612 1467 diebus
628 1411 702 1467 nibil
720 1432 785 1468 cum
802 1412 846 1468 hie
862 1415 904 1484 agi
923 1415 983 1482 jore
1006 1418 1102 1479 posset

129 1493 133 1498 ¹
157 1506 210 1576 (de
228 1498 332 1578 quilius
349 1504 465 1575 triginta
483 1505 581 1560 diebus
598 1505 654 1559 alio
679 1505 743 1561 loco
769 1505 836 1560 haec
851 1505 950 1560 scribit
969 1505 999 1556 in
1013 1503 1047 1556 N.
1064 1502 1100 1554 A.

158 1599 231 1663 XV,
259 1596 304 1652 13.
334 1593 481 1662 „confessi
503 1605 596 1650 sutem
619 1598 707 1660 aeris,
739 1595 773 1651 de
794 1614 852 1667 qno
870 1595 943 1649 lecta
960 1592 1099 1648 consessio

158 1699 217 1755 est,
240 1689 272 1742 in
297 1686 443 1765 duodecim
467 1687 570 1741 tabulie
593 1690 731 1759 scriptum
754 1703 796 1743 est
819 1688 864 1741 bis
889 1687 998 1740 verbisa
1027 1686 1099 1738 seris

161 1780 285 1834 confessi
301 1779 440 1850 rebusque
457 1776 587 1849 judicatis
603 1781 689 1834 XXX
706 1779 763 1835 dies
781 1780 847 1849 justi
867 1777 992 1846 eonto''l.
1032 1775 1101 1828 Poat
1186 1803 1188 1807 <

164 1869 278 1937 deinde,
304 1872 359 1926 nisi
377 1869 578 1931 dissolverent,
607 1869 641 1923 ad
667 1872 828 1926 Praetorem
858 1870 1045 1924 vorabantur:
1073 1874 1101 1918 et

161 1962 197 2016 ab
214 1980 266 2029 eo,
284 1963 387 2033 quibus
404 1971 484 2016 erant
499 1961 625 2032 judicati,
639 1947 868 2017 addicebantur.”
893 1961 980 2016 Nulla
1005 1959 1099 2031 itaque

70 2051 72 2054 ⁴
160 2064 238 2119 eret,
262 2053 339 2126 quod
362 2073 394 2108 ex
417 2052 461 2107 his
483 2054 550 2108 satis
576 2065 707 2125 apparet,
733 2057 763 2109 in
786 2054 839 2111 hec
862 2048 1100 2125 legisactione‘rei

161 2144 328 2216 inquisitio,
352 2143 462 2199 nullutn
478 2142 614 2213 indicium
632 2145 794 2203 ferendum:
828 2145 876 2217 sed
898 2161 962 2199 reue
981 2142 1100 2198 ‹obaera-
1127 2156 1132 2166 '

161 2243 211 2287 tus
228 2250 244 2288 a
260 2234 396 2288 Praetore
413 2233 535 2293 addictus
553 2249 611 2294 ests
631 2239 707 2310 quod
726 2249 753 2292 et
770 2238 855 2306 Gaius
874 2237 929 2300 tv,
952 2233 997 2287 21.
1022 2230 1101 2285 eifir·

166 2331 241 2384 mat,
262 2322 369 2379 dicens:
396 2343 467 2391 „nec
483 2329 580 2397 licebat
603 2330 726 2400 judicato
744 2345 859 2381 manum
875 2325 928 2380 sibi
953 2320 1099 2394 depellere,

123 2481 126 2485 Ι
167 2423 196 2469 et
212 2430 268 2486 pro
284 2432 313 2469 se
325 2413 388 2486 lege
401 2422 510 2489 ogere.”
526 2450 559 2464 -
574 2423 616 2475 De
629 2421 731 2476 duritie
744 2429 846 2484 autem,
864 2433 919 2488 qua
937 2429 1037 2468 menos
1055 2413 1101 2464 in·

164 2507 250 2578 jectio
265 2507 462 2582 peragebatur,
487 2521 515 2566 et
532 2522 638 2568 veteres
664 2513 735 2568 aeris
753 2509 913 2565 consessum
936 2503 1101 2568 tractabant,

162 2596 255 2654 edhnc
273 2597 342 2654 haec
358 2599 442 2657 rerba
457 2601 577 2674 legimns
594 2603 679 2658 Gellii
697 2605 727 2659 in
746 2604 782 2660 N·
798 2606 834 2659 A.
852 2601 917 2668 tnt,
935 2600 960 2659 i·
983 2597 1100 2665 „Nerva

160 2699 255 2746 autem
272 2703 321 2747 ent
338 2679 524 2765 compedibus
542 2695 746 2751 vinciebantur.
788 2695 835 2752 Sic
852 2695 928 2749 enim
946 2701 1021 2755 sont,
1035 2688 1102 2760 api·

161 2799 228 2847 nor,
253 2781 338 2838 uerba
355 2784 440 2854 legiss
478 2788 562 2841 Aeris
584 2787 705 2841 confessi
727 2786 866 2860 rebusque
888 2788 950 2856 ime
972 2780 1100 2854 judicatis
1155 2805 1161 2815 =

158 2873 277 2944 triginta
295 2873 354 2928 dies
369 2875 435 2945 justi
454 2889 531 2937 sunt.
567 2880 635 2933 Post
653 2878 752 2934 deinde
775 2896 876 2934 menos
900 2874 1013 2944 injectio
1029 2882 1100 2938 esto,

158 2967 192 3023 in
218 2967 262 3033 ins
275 2963 390 3030 ducito,
413 2967 444 3022 ni
467 2966 620 3039 judicatum
645 2972 726 3025 iacit:
754 2981 802 3025 ant
827 2970 875 3042 qui
894 2963 1000 3040 pseudo
1018 2981 1051 3018 eo
1069 2962 1107 3016 in

159 3060 223 3128 jure
242 3058 298 3112 vim
315 3055 392 3124 diois,
409 3075 503 3114 secum
522 3059 626 3127 ducito,
644 3062 750 3116 vincito
767 3071 815 3115 eut
831 3075 935 3120 nervo,
956 3063 1005 3110 eut
1020 3070 1101 3108 com-

53 3210 56 3217 *
153 3147 276 3221 pedibus
292 3149 453 3221 quindecim
462 3150 569 3224 pondo,
587 3169 623 3228 na
640 3154 766 3208 minore:
780 3163 834 3207 ant
849 3152 876 3206 si
893 3147 975 3209 votet,
994 3147 1102 3217 mnint'n
1138 3174 1141 3179 ·

160 3241 278 3295 vincito.
299 3239 347 3295 'Si
365 3241 449 3310 volet,
468 3261 519 3297 sno
537 3245 637 3299 civito.
659 3243 697 3300 Ni
714 3262 767 3298 suo
785 3244 864 3312 vivit,
882 3245 931 3314 qul
956 3259 1021 3300 eum
1038 3239 1102 3292 vin·

160 3317 367 3394 ctnmhebebit,
384 3331 471 3387 libres
478 3334 560 3388 larris
576 3335 606 3388 in
625 3333 683 3389 dier
696 3333 770 3397 dato.
787 3336 817 3389 oi
831 3333 916 3402 volet,
927 3337 992 3409 plus
1005 3326 1109 3389 dato-‘¹

75 3462 78 3467 -
159 3423 371 3497 etpostpanloa
389 3423 584 3490 „debebantur
601 3426 633 3480 in
646 3426 766 3483 vinculis
783 3428 841 3483 dies
855 3429 1003 3498 sexaginte.
1023 3424 1100 3480 lntet

158 3534 209 3571 eos
226 3514 284 3570 dies
301 3514 387 3570 trinis
403 3515 539 3571 nundinis
557 3517 700 3572 continuis
718 3520 752 3573 ad
770 3519 932 3586 Praetorem
953 3525 985 3573 in
1010 3518 1099 3573 comi·

159 3609 235 3663 tium
260 3606 478 3678 producebatur,
506 3617 682 3680 quantaeque
708 3611 844 3682 pecuniae
859 3611 975 3682 judicati
998 3617 1097 3674 essent,

156 3698 384 3772 praedicebatur.
425 3699 529 3754 Tertiis
545 3687 645 3769 eutem*
656 3701 791 3757 nundinis
806 3705 905 3774 cupite
929 3720 1034 3775 poenes
1052 3694 1100 3756 da-

157 3791 239 3853 bant,
264 3799 315 3845 ant
338 3798 416 3859 trans
432 3790 560 3845 Tiberim
581 3809 697 3863 peregre
712 3811 814 3849 venum
840 3795 926 3850 ibant.
969 3794 1022 3849 Sed
1040 3786 1101 3942 ea?

161 3882 264 3963 capitis
281 3883 406 3958 poener'n
421 3884 595 3945 sanciendae,
611 3884 684 3940 sicot
703 3886 776 3956 dixi,
799 3884 865 3941 fidet
882 3888 969 3960 gretia
986 3885 1067 3949 horsi
1091 3916 1102 3928 ·
1155 3920 1158 3926 -
