2400 4328
347 94 674 171 ·'-21-.-

59 282 137 351 Fuit
158 251 276 343 autem
297 285 405 340 auctor
428 275 656 357 brevissimus3
687 273 783 379 idque
806 301 868 363 quo
890 265 1017 362 jare,
1007 306 1071 362 Jarn

61 390 251 497 aqnolibet
275 387 338 449 erit
360 399 573 472 perspectum.
620 384 769 471 Denique
786 390 973 474 explicatur,
995 393 1070 479 quid

60 507 118 585 sit,
144 476 287 589 ¹quod
275 517 347 584 1pse
377 494 475 577 Gajus
503 499 637 562 miretur
668 496 709 561 da
736 501 797 562 hac
820 523 904 564 nova
927 505 1070 584 action03

56 621 166 705 ipsum
189 610 320 699 nescire
340 628 410 672 rem
431 609 610 693 explicare,
647 610 746 672 verba
768 610 961 686 ostendunt,
999 635 1072 677 curn

56 727 290 793 addubitanter
320 718 499 804 inquireret
533 720 641 803 hisce:
682 738 811 803 „quare
847 734 955 786 autem
992 726 1072 788 haec

59 828 144 905 actio
170 829 351 896 desiderata
380 831 424 892 sit
455 877 462 891 .
489 876 497 892 .
524 873 532 890 .
563 826 658 908 valde
689 830 859 913 quaeritur.
871 831 890 862 ”
940 832 1072 899 Etenim

62 952 263 1014 increscente
283 938 387 1004 indies
406 961 577 1003 causarum
589 938 814 1020 multitudine,
851 934 956 1028 potuit
977 946 1074 1010 Prae·

67 1073 120 1121 tor
139 1038 277 1136 judicem
299 1045 534 1137 postulantibus
555 1051 682 1135 saepius
705 1049 791 1114 dare.
823 1087 865 1099 -
892 1053 973 1119 Eam
995 1078 1073 1122 vem

69 1167 304 1250 legisactionem
327 1159 580 1245 acondicendo,
602 1148 672 1225 ¹aec
701 1183 720 1222 a
748 1160 853 1240 judice
875 1167 1076 1252 nominatam¹

72 1298 154 1356 esse,
194 1274 366 1352 neminem
396 1267 549 1336 offendat.
600 1269 685 1334 Nam
706 1271 841 1359 poterat¹
855 1297 974 1339 nomen
996 1299 1074 1342 con·

66 1387 211 1453 dictionis
241 1386 351 1446 locum
381 1384 524 1453 habere,
569 1393 604 1441 ut
633 1381 894 1464 admoneremur,
932 1407 1005 1451 eam
1033 1385 1074 1451 ad

61 1510 162 1563 certas
192 1515 245 1558 res
278 1495 460 1578 pertinere:
491 1503 632 1556 actorem
652 1514 729 1557 vero
762 1493 945 1561 adversario
975 1519 1075 1563 suos

58 1615 132 1690 jure
152 1603 334 1683 recedenti,
371 1617 405 1666 et
420 1605 461 1667 'in
474 1586 598 1683 'judicis
621 1606 837 1692 postulatione
858 1607 1073 1687 denuntiasse,
1123 1614 1128 1623 '

58 1742 98 1784 se
119 1714 283 1779 tricesimo
307 1715 360 1777 die
382 1713 422 1778 ad
441 1710 585 1794 judicem
606 1714 828 1800 accipiendum
854 1720 889 1781 in
918 1724 969 1797 jus
991 1740 1074 1783 ven·
1097 1769 1100 1773 .
1149 1742 1153 1749 ’

60 1843 196 1905 turum,
241 1822 369 1888 ridetur
396 1825 612 1909 perspicuum.
665 1822 738 1906 Gaji
759 1831 873 1906 ¹verba
901 1827 942 1891 da
971 1849 1009 1892 ea
1040 1851 1074 1893 re

59 1948 146 2010 haec
176 1950 280 2005 sunt2'
315 1978 356 2013 ‚‚.
390 1982 396 1996 .
432 1981 438 1995 .
474 1932 515 1997 ad
547 1933 686 2013 judicem
724 1938 944 2028 accipiendum
979 1936 1075 2004 veiri—

60 2053 189 2135 rent;⁷’,
214 2049 288 2129 Gaj.
308 2043 377 2124 IV,
408 2041 461 2106 '15-
573 2035 575 2040 ,

151 2163 264 2244 Atque
277 2159 365 2231 haec
384 2156 552 2219 hactenus.
595 2155 634 2220 Id
657 2155 788 2236 addam,
811 2147 987 2246 meipsum
1003 2164 1077 2224 nol·
1126 2208 1128 2214 .

62 2276 173 2336 luisse
193 2289 266 2331 rem
287 2265 572 2348 exploratissimum
601 2289 801 2353 proponere,
846 2291 920 2332 cum
942 2273 1074 2356 scripto·
1136 2324 1139 2330 ,

64 2403 145 2450 rum
167 2374 360 2442 testimoniis
382 2372 550 2439 destitutus
572 2379 658 2459 sim3
695 2398 800 2463 neque
831 2379 895 2440 nisi
917 2382 1077 2458 conjectu-

61 2517 140 2564 ram
171 2479 330 2554 attulisse¹
349 2487 431 2550 mihi
459 2486 594 2552 videor:
626 2480 727 2576 ¹quam
757 2502 892 2565 tamen„
927 2491 1077 2554 comita

63 2605 178 2674 omnia
199 2600 370 2688 perspicua
390 2598 469 2678 sint,
492 2601 650 2686 tantisper
669 2599 873 2664 retinendam
895 2612 991 2690 puto,
1020 2600 1078 2666 do·

14 2711 17 2717 ¹
64 2741 123 2784 nec
147 2711 314 2779 contrariis
336 2712 531 2793 argumentis
554 2715 692 2774 refutata
714 2699 773 2775 erit
799 2712 850 2797 9’).

68 2880 270 2902 Μ
287 2893 292 2900 .

134 2984 231 3065 nibus,
248 2997 317 3053 quat
335 2978 535 3046 nominamus,
554 2957 622 3034 haec
642 2984 713 3037 ratio
731 2980 899 3066 obtinuerit,
922 2983 1081 3037 nesciocui
1108 2970 1110 2975 ¹
1151 3004 1152 3007 ¹
1181 2997 1191 3033 ·.

133 3074 259 3150 plicare,
284 3071 348 3125 nisi
376 3088 440 3126 casu
466 3072 496 3126 id
522 3071 627 3136 lactum
652 3089 787 3144 ponam··
813 3084 928 3144 postero
956 3083 1083 3146 tempora
1171 3106 1175 3113 ·

132 3169 203 3224 lracc
219 3164 295 3219 ratio
313 3161 499 3218 denuntiandi
518 3155 651 3237 exolevit,
679 3175 706 3218 et
723 3166 880 3240 improprie
898 3165 1062 3237 quaelibet'
1054 3186 1084 3221 ιιι
1175 3198 1179 3207 ·

135 3272 288 3330 personam
312 3254 385 3309 actio
410 3255 485 3309 dicta
509 3263 551 3309 est
575 3257 741 3312 condictio·
769 3255 972 3327 Gaj.1v,1a
998 3261 1023 3328 ι.
1041 3258 1084 3315 15.

136 3348 164 3413 J.
181 3347 217 3403 de
233 3345 340 3402 action.

66 3465 105 3539 ¹)
128 3439 216 3520 Nolle
241 3469 343 3514 autern
360 3477 392 3515 re
414 3457 623 3518 condictionem
649 3458 781 3529 ajudicis
799 3460 987 3531 postulatione
1005 3442 1119 3539 atate-³

100 3555 103 3560 ⁴
136 3554 209 3609 tirso
234 3553 319 3606 ctiam
343 3546 504 3625 apparebit,
522 3551 559 3619 lsi
584 3552 616 3604 in
635 3552 793 3623 posteriora
818 3563 945 3625 tempora
968 3555 1089 3625 inquiri·
1122 3561 1126 3568 '

135 3662 215 3702 mur.
231 3682 234 3687 ·
251 3641 390 3721 Nuspiam
407 3628 551 3696 invenitor
569 3644 675 3697 mentio
694 3643 727 3698 ds
745 3642 821 3697 varia
839 3638 964 3708 ratione,
978 3632 1029 3711 sed
1047 3639 1098 3702 nti'

82 3744 95 3808 '.
136 3739 171 3794 in
187 3735 291 3790 ceteris
306 3732 428 3808 judiciis,
445 3735 484 3786 ita
496 3743 561 3804 anto
572 3735 694 3802 judicem
711 3737 848 3790 selamin
866 3730 1091 3805 condictionibus
1106 3778 1109 3786 .
1131 3800 1132 3804 ,
1162 3720 1164 3731 ¹

141 3827 284 3887 videmus.
317 3827 435 3911 Quanta
463 3842 530 3882 vcro
552 3826 619 3882 lruic
644 3834 810 3898 argumente
832 3827 900 3885 fider
926 3830 978 3896 sit,
1004 3820 1094 3901 magis
1131 3815 1147 3828 '¹
1180 3834 1182 3840 '
