2400 4328
304 130 692 251 ''...oo-.

55 354 190 419 anteiri
213 353 267 430 jus
288 343 492 409 vocationem
512 347 602 409 nulla
629 358 697 409 eret
724 346 877 428 obligatio
907 350 1067 425 veniendi,

57 459 286 529 vadimonium
307 455 417 522 datum
436 478 480 521 no
501 457 632 538 cogitari
654 454 785 541 quidem
807 469 926 542 potest.
968 462 1067 528 Proe-

57 586 142 640 tsroa
163 583 201 636 et
221 566 336 633 Cicero
356 568 392 630 in
412 570 459 648 rei
488 567 636 661 ejusdem
657 564 756 630 iidem
786 568 964 635 leudardus
993 574 1064 653 erit,

52 685 108 772 qui
136 702 200 768 pro
231 676 384 743 Cluentio
411 680 438 742 οἱ
460 676 515 744 21.
544 677 672 741 disertis
699 679 807 742 verbis
838 683 989 767 exponit,
1030 681 1066 753 G.

49 794 256 869 Fabricium,
279 789 337 876 qui
354 809 374 852 e
392 788 512 868 judicio
535 787 740 864 discesserat,
776 792 901 854 obtorto
923 797 1004 858 collo
1026 796 1066 859 ed

52 901 215 970 subsellio
233 920 305 965 esse
324 895 511 972 reductum,
545 912 581 962 ut
600 900 731 984 relique
752 914 884 992 possent
912 910 1066 990 perorari,

53 1013 224 1082 Reductus
242 1010 406 1078 Fabricius
427 1008 596 1077 sententiis
618 1007 761 1089 judicum
774 1013 908 1098 posthac
926 1027 976 1077 est
990 1039 1067 1081 con--

59 1125 241 1189 demontus.
284 1119 344 1185 Sin
362 1118 401 1185 in
422 1119 578 1201 judicium
605 1120 732 1183 vocatio
753 1131 787 1182 et
807 1123 843 1183 in
866 1127 918 1201 jus
938 1130 1065 1193 vocatio

62 1255 128 1298 non
147 1230 350 1297 erat·eedem
372 1244 406 1295 et
435 1252 516 1309 una,
548 1243 660 1294 tamen
680 1250 758 1292 roro
779 1214 875 1295 haud
890 1236 934 1296 ita
956 1240 1065 1305 stricte

61 1345 154 1409 locuti
173 1354 252 1407 sunt
273 1343 485 1418 recentiores,
518 1362 577 1404 nec
598 1340 660 1403 loci
681 1337 817 1420 desunt,
841 1345 957 1428 quibus
980 1349 1063 1412 irasc

55 1451 323 1522 consuetudinem
342 1463 376 1516 et
404 1453 511 1539 ipsum
537 1451 575 1515 in
606 1453 659 1529 jus
686 1455 886 1518 vocationem
916 1448 1065 1526 neieina.

53 1580 123 1633 rent
145 1565 200 1648 ⁸).
447 1648 451 1653 ι
649 1564 651 1568 ’

137 1676 214 1739 Hoc
235 1675 306 1737 loco
325 1675 403 1737 libet
432 1692 533 1757 peuce
555 1672 760 1755 interponere
791 1672 841 1736 de.
864 1676 917 1753 iis,
943 1700 1064 1763 quase
1089 1754 1091 1758 Α

54 1786 163 1881 judice
181 1794 357 1864 egerentur,
370 1794 544 1867 antequem
556 1783 648 1844 litem
662 1782 813 1848 exaudire
828 1786 1062 1867 aggrederetur.

55 1895 217 1962 Solebent
227 1892 346 1973 judices
358 1880 452 1967 litem
468 1890 579 1955 audire
588 1912 653 1954 non
667 1911 724 1975 per
739 1913 774 1955 se
789 1895 861 1974 soli,
877 1900 934 1963 sed
944 1902 1061 1964 amicos

54 2006 312 2074 adhibebantur
341 2005 513 2070 consilium
537 2000 577 2085 ⁹.)
617 2001 806 2087 quibuscum
834 2026 971 2089 causem-
993 2008 1062 2075 dis-

54 2199 263 2222 Μ

60 2328 93 2401 ⁸)
118 2327 142 2396 i.
158 2323 188 2379 3.
205 2321 233 2377 J·
251 2320 285 2376 de
299 2339 390 2394 poem
407 2333 507 2379 temere
522 2291 708 2394 iitigantium:
731 2321 889 2389 „bmnium
908 2334 1065 2389 autema.

128 2415 244 2471 tionum
258 2413 424 2471 instituenda
526 2415 598 2470 rinei
622 2415 680 2469 iuni
697 2413 733 2469 ab
936 2416 941 2427 ’
974 2416 980 2429 ‘
1049 2447 1062 2460 ·

125 2505 277 2572 ficiscitur,
303 2484 357 2579 qim
380 2433 652 2565 edididni’deetorpds
668 2507 705 2560 ¹in
722 2413 1064 2579 judavdddidddihcidtidde

123 2600 204 2656 enim
220 2599 251 2653 iu
265 2600 346 2672 prius
366 2599 399 2654 in
420 2603 466 2672 jus
483 2599 625 2654 vocandus
643 2609 685 2652 est
708 2597 897 2665 adversarius,
929 2599 964 2655 od
988 2617 1062 2662 eum,

123 2692 175 2765 qui
188 2691 235 2763 jus
251 2690 377 2747 dicturus
393 2693 478 2747 ert*²
507 2692 605 2764 Neque
621 2690 702 2745 eiiter
716 2691 876 2772 occipiende
893 2703 976 2757 sunt,
992 2709 1064 2767 queo

122 2784 186 2855 tege
202 2784 230 2844 1.
246 2782 282 2843 1).
301 2782 336 2837 de
353 2782 391 2839 in,
403 2785 447 2852 ins
464 2784 584 2845 vocent.
611 2784 809 2849 continentur:
826 2786 882 2853 „iu
900 2787 944 2857 jus
961 2800 1062 2848 uocare
1148 2815 1150 2819 ·

125 2885 179 2938 est.
199 2874 270 2943 iuris
286 2873 451 2948 experiundi
468 2893 551 2931 causa
568 2875 702 2932 vocare''.

53 2994 89 3063 ⁹)
113 2990 158 3046 De
175 2989 273 3046 amicis
290 2988 357 3052 illis,
373 2991 408 3046 ci.
423 2989 528 3046 >Cicero
548 3008 603 3063 pro
622 2990 727 3046 Roscio
751 3007 776 3044 c.
795 2989 821 3045 8.
851 3003 913 3058 pro.¹
924 2985 1060 3054 Quinctio

122 3100 149 3139 c.
166 3082 195 3137 2
215 3083 258 3139 17.
288 3084 322 3139 iu
337 3084 417 3139 Vert.
434 3084 466 3149 1,
490 3082 534 3142 29.
566 3084 607 3149 li,
631 3082 676 3138 17.
691 3081 735 3136 29.
753 3078 798 3135 33.
814 3076 872 3136 34.
891 3075 1008 3138 'Gellius
1031 3077 1063 3130 in

122 3172 160 3230 lt.
177 3174 213 3228 A.
229 3175 300 3240 xit,
325 3173 370 3231 13.
404 3172 513 3229 Plinius
531 3168 641 3245 epistol.
660 3177 694 3240 1,
718 3173 762 3226 20.
799 3164 886 3241 Quali
901 3167 1010 3223 ratione
1026 3166 1061 3220 eb

125 3264 312 3321 mensoribus
329 3265 449 3335 distent,
466 3264 617 3336 dequibus
635 3263 710 3317 tituli
728 3262 910 3334 Digestorum
928 3259 955 3324 Ι,
975 3257 1016 3315 12.
1036 3268 1064 3311 et

87 3356 89 3361 ’
127 3352 240 3409 Codicis
256 3359 286 3424 1,
302 3355 349 3417 51.
367 3357 519 3428 conscripti
537 3366 619 3421 suut,
637 3354 714 3411 haud
728 3353 845 3408 dubium
862 3351 982 3410 uidetur.
999 3349 1065 3403 Non

124 3448 203 3503 enim
219 3465 355 3520 possum,
388 3447 459 3520 quin
477 3465 525 3502 eos
543 3446 622 3501 nulia
638 3463 670 3501 re
687 3446 722 3500 ab
740 3445 816 3503 bisce
832 3444 989 3515 discrepare
1005 3441 1064 3530 exi·

104 3542 246 3620 ‚stimem
270 3538 316 3597 Gi.
335 3539 354 3598 l.
372 3538 401 3595 3.
420 3538 452 3596 C.
469 3538 503 3593 de
518 3537 678 3593 ossesmrib.
704 3537 725 3595 Ι.
743 3537 770 3593 1.
788 3534 833 3615 14.
851 3537 913 3593 eod.
933 3531 1066 3589 Anthent.

119 3631 159 3693 ad
177 3629 198 3687 Ι.
215 3629 243 3685 5.
260 3629 293 3687 C.
310 3630 345 3685 de
362 3628 482 3699 judiciis.
500 3629 575 3690 Nou.
593 3629 640 3684 82.
657 3627 809 3684 Praefatio.
828 3657 860 3671 —
878 3625 923 3682 Cf.
941 3624 1009 3680 i.1i.
1030 3622 1064 3677 C.
1150 3658 1153 3666 -

120 3724 157 3781 de
175 3721 303 3779 advocet.
320 3721 456 3777 diversor.
488 3721 540 3781 1.1.
560 3720 593 3774 de
613 3717 688 3777 oiiic.
707 3717 783 3776 civil.
801 3714 883 3787 judic.
910 3716 967 3791 bii.
985 3712 1066 3774 eod.»⁴

122 3825 153 3872 et
168 3810 289 3887 studiosi
306 3801 430 3871 adhibiti
440 3822 507 3868 suut
522 3812 554 3867 in
571 3811 699 3876 consilio.
716 3820 749 3865 ut
765 3810 828 3864 lites
844 3805 1069 3892 iudicarcdisce-
1167 3832 1170 3837 »

121 3916 201 3991 rent.
236 3905 272 3962 ci.
294 3907 315 3963 i.
340 3907 365 3962 1.
393 3906 431 3960 1).
461 3903 651 3976 deor-sessor.
683 3902 848 3964 Consiliis-ii
876 3904 1070 3956 memorentur
