2400 4328
473 161 783 260 ..30..'

1077 290 1086 319 r
1116 280 1122 293 .

87 388 293 443 messorem
318 374 381 449 ’ἢ
425 368 478 435 De
500 390 562 456 qua
582 390 624 432 ex
644 372 714 447 jore
735 369 902 434 vocatione
922 375 990 451 jam
1014 391 1090 438 me-

58 490 181 557 ⁸rraioit
208 484 327 563 Gaios,
368 499 624 547 commemorans
654 475 695 541 de
723 489 872 567 tempore
899 482 1088 563 legissetis·

86 622 165 669 rum
189 594 253 682 ¹⁶).
296 595 324 659 E
345 600 415 675 jore
434 612 507 657 sese
530 586 675 653 vocando
697 589 859 670 litigantes
880 594 916 658 in
936 615 972 658 re
991 615 1088 681 prae·

86 715 171 781 senti
201 707 358 775 vindicias
390 708 493 787 egisse
523 700 617 775 dicit,
654 696 773 764 dehinc
806 717 1008 770 revertentes
1047 707 1088 771 od

85 828 271 893 hectorem
293 817 425 905 easdem
451 822 657 882 retractasse:
694 821 730 873 ut
758 809 856 894 Gajua
883 817 944 882 hoc
973 794 1088 883 erem

84 939 141 1026 plo
161 936 319 1001 illustrat:

129 1050 190 1123 „si
218 1064 283 1131 qua
308 1058 360 1103 res
382 1037 461 1099 talis
490 1040 578 1105 erat,
621 1042 657 1092 ut
685 1051 753 1103 non
781 1036 852 1096 sine
878 1040 1088 1107 incommodo

125 1169 235 1247 passer
254 1156 291 1215 io
310 1153 361 1228 jus
382 1145 531 1234 perferri,
561 1144 615 1206 vel
637 1142 767 1222 adduci,
798 1149 938 1257 velut-si
960 1154 1087 1217 colum-

83 1319 283 1343 “-

150 1420 208 1475 sire
224 1414 297 1482 ager,
312 1410 371 1463 sive
387 1405 454 1478 qoid
471 1405 546 1461 aliud
564 1418 619 1475 est,
636 1427 701 1464 cum
721 1410 880 1485 adversario
896 1415 980 1468 simul
998 1433 1088 1471 mano
1105 1447 1108 1455 ·

150 1504 314 1587 prenderet,
330 1501 361 1553 io
384 1516 415 1552 ra
432 1515 463 1552 rc
480 1500 611 1555 omnibus
628 1501 721 1558 verbis
738 1505 887 1567 vindicare,
911 1506 939 1560 id
957 1518 1008 1575 est,
1027 1510 1088 1563 rin.

151 1602 224 1659 dicia
238 1591 377 1664 correptio
394 1607 494 1643 manus
516 1592 547 1646 in
563 1611 595 1646 re
612 1601 695 1666 atque
718 1595 749 1648 in
773 1596 835 1650 ioco
853 1600 993 1668 praesenti
1010 1599 1086 1670 apud
1124 1638 1127 1643 .

149 1697 307 1751 Praetorem
326 1701 358 1736 ex
370 1681 428 1736 llll
445 1682 547 1737 tabulis
564 1681 657 1743 fiebat.
700 1687 736 1740 In
759 1688 862 1761 quibua
884 1689 923 1743 ita
946 1691 1086 1761 scriptum

150 1795 207 1840 ests
235 1778 267 1834 Si
289 1771 339 1848 qui
367 1773 397 1826 in
420 1775 481 1843 jure
502 1794 618 1830 manum
643 1790 807 1838 conserunt.
849 1779 903 1834 Sed
932 1792 1087 1852 postquam
1111 1843 1114 1850 ¹

147 1878 279 1935 Praetor,
310 1866 470 1938 propagatis
488 1868 582 1922 Italiae
597 1867 718 1934 finibus,
748 1870 819 1923 datis
835 1870 1088 1945 jurisdictionibus,

148 1961 267 2035 negotiis
283 1956 410 2029 occupati
428 1958 530 2027 pacisci
544 1958 727 2012 vindiciarum
735 1959 913 2012 dicendarum
926 1978 1008 2015 causa
1018 1964 1088 2018 lon-

146 2059 264 2130 ginquas
280 2067 324 2105 rea
343 2047 543 2119 gravabanturt
561 2049 723 2102 institutum
740 2058 782 2102 est
800 2058 898 2103 contra
914 2050 975 2102 XII
1000 2055 1088 2110 tabu.

60 2206 68 2225 Ι
145 2151 186 2204 ias
203 2144 288 2200 tacito
306 2157 454 2204 consensu,
471 2153 505 2195 ut
521 2139 662 2212 litigantes
678 2158 738 2196 oon
756 2158 788 2194 ex
802 2141 862 2210 jore
879 2139 953 2211 apud
965 2139 1087 2223 Praeto-

145 2255 205 2296 rem
221 2251 337 2290 manum
356 2243 542 2299 consererent,
560 2232 607 2287 sed
623 2251 654 2286 ex
671 2234 731 2303 jure
748 2249 834 2287 mano
851 2231 1012 2287 coniertom
1027 2252 1086 2289 vo-

147 2338 252 2394 eareot,
273 2325 301 2381 id
327 2335 369 2382 est
392 2325 462 2381 alter
486 2325 605 2381 alterum
624 2344 658 2380 ex
675 2327 736 2398 jure
752 2325 786 2380 ad
804 2325 1004 2379 conserendam
1022 2343 1085 2392 ma.

128 2402 213 2478 'nom
232 2419 262 2474 in
279 2438 350 2485 rem,
363 2417 397 2473 de
414 2437 470 2490 qua
486 2429 621 2489 ageretur,
640 2427 760 2473 vocaret.
794 2421 886 2488 Atque
903 2415 1026 2487 profecti
1044 2419 1082 2472 si-

145 2511 205 2567 mul
224 2512 254 2564 in
273 2530 380 2580 agrum,
395 2510 429 2564 de
445 2527 502 2582 quo
520 2508 688 2580 litigabatur,
704 2519 794 2562 terrae
807 2507 912 2581 aliquid
931 2527 963 2562 ex
978 2526 1021 2573 eo,
1039 2510 1087 2563 uti·

143 2622 230 2661 unam
247 2594 411 2674 glebam'in
434 2602 477 2670 jus
501 2601 531 2653 in
548 2601 649 2655 urbem
666 2600 699 2654 ad
717 2601 878 2657 Praetorem
897 2601 1083 2656 deferrentet
1106 2634 1118 2669 Ι.

144 2698 175 2751 in
199 2714 231 2750 ea
253 2695 332 2767 gleba
356 2694 547 2763 tanquam-in
562 2701 631 2745 ‘toto
652 2706 720 2764 agro
743 2692 924 2749 vindicarent.
966 2693 1079 2748 Idcirco

142 2788 252 2844 Ennius
269 2784 425 2857 significare
441 2783 539 2837 volens
553 2782 668 2853 bellum,
686 2801 746 2837 non
768 2793 799 2838 ut
815 2783 849 2838 ad
859 2788 1019 2839 Praetorem
1036 2802 1083 2838 so·

112 2878 118 2890 '
141 2880 226 2934 litum
243 2889 288 2933 est
299 2876 430 2950 legitimis
449 2875 615 2939 actionibus,
632 2894 723 2950 neque
739 2895 771 2930 ex
783 2876 845 2945 iure
858 2895 944 2931 manu
962 2895 1081 2932 conser-

47 3008 55 3023 .
141 2981 204 3026 tum
215 2969 346 3025 sedbello
365 2967 501 3040 ferroque,
513 2978 540 3022 et
556 2986 623 3023 vera
638 2967 667 3022 vi
684 2978 768 3041 atque
786 2969 884 3024 solidas
903 2968 981 3040 quod
999 2968 1080 3026 vide·

133 3073 188 3118 tur
204 3061 306 3119 dixisse
323 3062 470 3116 conserens
482 3059 542 3133 v’m
557 3060 634 3115 illam
652 3060 762 3115 civilem
773 3071 800 3116 et
808 3060 993 3131 sestocariam,
1007 3049 1080 3134 quae

112 3167 115 3173 '
141 3153 234 3238 verbo.
248 3153 396 3217 diceretur,
414 3170 473 3206 non
491 3171 561 3226 quae
577 3170 664 3207 manu
681 3151 773 3216 fieret,
792 3171 856 3208 com
873 3153 1017 3208 ribellica
1035 3164 1077 3208 at·

139 3263 195 3316 que
211 3256 334 3303 cruenta
342 3245 359 3283 '¹
394 3245 471 3300 Haec
484 3244 617 3299 hactenus
631 3244 748 3300 Gellius

30 3300 122 3427 ,11)
145 3337 216 3414 G'ett.
233 3360 301 3425 XX,
318 3359 345 3424 9
362 3377 391 3433 p.
382 3377 467 3415 ..m
465 3357 568 3422 Cicer.
584 3377 638 3432 pro
657 3359 770 3413 Moren.
797 3375 822 3415 c.
839 3357 901 3415 11.·
933 3300 1078 3424 „l'ondus,

138 3450 187 3521 qui
205 3461 246 3505 est
263 3452 292 3506 in
309 3470 393 3524 agro,
424 3452 473 3524 qui
490 3452 610 3506 Sabinos
633 3459 763 3516 vocatur,
793 3468 858 3504 eum
882 3467 933 3520 ego
958 3468 991 3504 ex
1015 3453 1079 3521 jure

138 3541 294 3610 Quiritium
313 3562 406 3599 meum
424 3561 484 3598 esse
503 3546 555 3614 ajo;
572 3542 637 3599 inde
655 3559 707 3613 ego
729 3551 758 3596 te
775 3559 807 3595 ex
820 3545 884 3610 ¹jore
901 3559 987 3596 manu
1005 3559 1080 3596 con·

138 3644 244 3689 sertum
271 3653 343 3690 roco
368 3639 461 3691 cet-'t
479 3635 549 3692 ibid.
572 3654 596 3690 c.
613 3632 656 3691 11.
693 3633 791 3689 Cicero
816 3634 850 3689 de
867 3632 947 3690 Orat.
973 3634 1004 3697 l,
1031 3633 1076 3690 10.

134 3724 233 3780 Festus
251 3746 276 3782 v.
295 3728 432 3807 sindiciae
450 3727 485 3784 de
500 3726 696 3801 superstitibus
716 3719 907 3794 praescotihos
921 3726 1075 3799 conjungas

134 3816 248 3873 Festum
264 3818 293 3877 h.
311 3840 340 3877 v.
357 3820 572 3900 cumGicerooe
588 3837 643 3896 pro
660 3819 773 3890 Murco,
799 3837 825 3876 c·
843 3817 887 3877 11.
924 3863 929 3872 .
964 3838 995 3870 m

69 3905 118 3979 ¹⁸)
143 3909 206 3982 Gai·
225 3909 282 3983 lii,
306 3913 350 3972 17.
