2400 4328
210 467 261 532 De
281 467 371 530 varia
390 463 517 526 ratione
534 462 738 542 negotiorum
752 463 857 526 bonae
871 458 950 524 fidei
970 463 1150 554 strictique

70 592 77 604 '
124 583 206 662 juris
234 577 415 660 eloquitur,
446 576 518 638 fere
556 574 705 635 omnium
733 560 984 650 disertissimus,
1025 571 1148 643 Cicero

64 729 67 735 ·
123 710 187 777 pro
206 686 325 751 Roscio
346 682 510 750 Comoedo
532 707 559 748 c.
581 686 634 752 5.ι
673 686 761 762 cujus
782 680 865 745 dicta
886 685 1071 761 accuratius
1092 684 1148 753 in.

122 794 369 877 vestigabimus.
416 798 419 804 ’

209 906 332 968 Habet:

167 1014 362 1097 „Judicium
375 1024 434 1077 ‚est
461 1023 567 1077 certae
597 1012 774 1099 pecuniae:
797 1011 969 1077 arbitrium·
984 1013 1142 1082 incertae

167 1124 397 1206 adjudicium
417 1126 480 1187 hoc
510 1122 610 1187 modo
638 1125 808 1203 rcuimus,
830 1134 886 1205 ¹ut
914 1136 1021 1190 totam
1046 1129 1147 1206 litem

169 1247 226 1299 aut
245 1237 467 1314 obtineamus,
491 1245 548 1296 aut
569 1235 782 1299 omittamus.'
815 1232 868 1299 Ad
883 1237 1059 1326 arbitrium
1079 1240 1145 1305 hoc

115 1350 118 1355 ’
169 1348 279 1427 auimo
304 1345 448 1423 adimus,
472 1356 509 1406 ut
528 1365 634 1428 neque
656 1347 723 1424 nil,
746 1368 853 1433 neque
872 1358 1013 1429 tautum,
1035 1364 1144 1436 qm.

169 1473 241 1523 tum
261 1458 514 1544 postulavimus,
538 1476 774 1540 consequamur
783 1457 816 1522 ”.

118 1572 171 1637 Ἐι
191 1571 302 1660 paucis
324 1569 520 1648 interjectis,
551 1585 634 1650 quae
656 1588 743 1642 uuuc
764 1571 966 1652 omittimus,
1000 1568 1137 1661 auctoris

125 1687 209 1751 haec
229 1682 310 1763 legis
330 1680 449 1742 rerba:
537 1713 542 1719 ·
957 1744 961 1751 ,

102 1822 105 1828 ’
171 1790 281 1880 „quid
302 1792 409 1854 estin
427 1785 571 1868 judicio?
602 1784 771 1870 directum,
778 1812 960 1877 asperum,
981 1794 1140 1879 situplcx.

170 1906 209 1970 Si
236 1904 372 2003 poterit-t,
405 1897 475 1962 dari
507 1908 668 1984 oportere.
720 1897 808 1980 Quid
837 1912 888 1963 est
915 1903 953 1965 iu
974 1903 1144 1970 arbitrio?

170 2017 271 2094 mite,
288 1990 511 2100 musleratum,
535 2022 691 2102 quantum
712 2009 845 2092 aequius
863 1994 1028 2076 melius
993 2009 1016 2041 ’'

128 2128 189 2199 sat
207 2126 311 2191 multa
332 2120 373 2186 de
388 2120 557 2193 actionum
586 2119 783 2184 discrimine.
831 2106 926 2182 Patet
951 2116 1063 2199 euim,
1107 2124 1148 2189 in

46 2292 51 2301 ,
126 2241 246 2308 strictis
267 2234 406 2321 negotiis
426 2228 540 2313 judicis
562 2233 705 2296 officium
731 2231 931 2305 restrictum,
949 2230 1145 2301 liberiorem

125 2355 161 2420 ei
180 2358 377 2439 potestatem
402 2339 570 2424 judicandi
594 2345 632 2427 iu
659 2322 762 2408 bertae
783 2342 861 2407 fidei
882 2343 1021 2424 negotiis
1043 2348 1144 2410 relic-

126 2477 198 2528 tam
219 2481 302 2525 esse.
345 2454 620 2529 Verumtamen,
645 2452 722 2536 quid
742 2456 823 2534 mite
845 2457 899 2539 sit,
924 2451 1003 2540 quid
1022 2453 1144 2520 mode·

125 2584 235 2640 ratum
254 2571 292 2631 in
318 2567 423 2642 bonae
450 2560 527 2624 fidei
553 2556 697 2639 iudiciis:
729 2575 838 2627 contra
867 2562 956 2651 quid?
971 2585 1139 2652 asperum,

126 2679 206 2774 quit
225 2657 376 2773 simplex,
399 2667 478 2757 quid
497 2668 654 2732 directum
674 2664 712 2734 in
732 2678 841 2740 stricto
861 2680 951 2756 jure,
975 2698 1141 2763 quaenam

125 2789 267 2872 denique
296 2781 474 2862 restrictio,
506 2781 709 2864 requirimus.
760 2785 875 2873 Neque
912 2808 951 2850 ea
985 2788 1177 2872 queastio

120 2892 219 2967 emb
244 2892 479 2998 dubitationem
506 2892 593 2955 mihi
620 2890 880 2961 doctissimorum
904 2898 1032 2984 placitis
1063 2921 1139 2973 esse
1179 2894 1184 2909 ⁴

55 2998 58 3002 ’
108 3009 269 3083 videtur.

169 3114 296 3184 Cum
322 3108 427 3192 alii,
431 3122 465 3176 et
491 3111 661 3200 plerique,
674 3111 779 3202 baud
807 3115 1013 3205 dubitarent,¹
1041 3121 1138 3185 varia
1162 3165 1180 3195 ,

125 3230 311 3299 discrimina
333 3226 497 3287 actionum
517 3225 621 3289 bonae
640 3225 717 3292 fidei
739 3230 901 3313 strictique
921 3208 1045 3311 juriee
1067 3204 1138 3296 for-

124 3343 235 3417 mula,
265 3357 365 3424 ,quam
384 3333 516 3400 Praetor
535 3332 634 3415 judici
656 3337 764 3414 daret,
791 3351 968 3430 repetere,
1007 3337 1050 3407 de
1070 3343 1137 3416 hac

125 3451 286 3524 sententia
306 3448 410 3535 pimo
430 3445 659 3532 inquirendum
681 3465 739 3516 est.
793 3448 849 3513 Ad
879 3432 1138 3533 coufirmaudem

123 3584 201 3629 eam
231 3558 417 3622 nitebantur
444 3555 538 3625 dictis
550 3609 560 3643 ,
590 3585 674 3687 quae
703 3573 832 3628 exstant
854 3559 940 3649 apud
960 3559 1144 3641 Scuecam,

125 3673 167 3743 te
186 3645 321 3738 benefic
332 3666 410 3746 ΠΙ,
432 3666 486 3734 7.:

68 3797 71 3807 '
165 3783 274 3868 „ideo
302 3783 419 3865 melius
448 3719 595 3844 ridetur
606 3732 745 3846 corditio
776 3804 888 3869 causae
915 3786 1020 3850 bonae
1036 3756 1145 3880 briei,

81 3875 85 3882 ⁵
165 3893 259 3961 siud
279 3891 436 3989 juqice'm,
460 3888 606 3979 quamsi
626 3891 668 3983 ad
688 3895 845 3960 arbitrum
865 3895 1016 3964 mittitur.
1043 3895 1137 3983 Quia
1179 3925 1183 3933 ·
