2400 4328
425 172 725 239 .-222-

99 354 128 417 si
147 338 215 414 non
245 342 389 411 omnium
417 358 611 417 consensus,
643 351 729 404 certe
758 342 971 429 plurimorum
1005 344 1051 411 do
1076 342 1112 412 r'e

99 460 258 527 sententie
284 458 297 495 ³
309 450 333 535 ).
399 446 621 513 consederunt
649 452 749 517 modo
777 438 901 517 duabus
921 454 972 539 ⁴),
1006 456 1111 523 ruodo

98 584 234 659 quatuor
258 560 297 647 ⁴)'
309 546 467 650 partibus,
489 580 572 646 quae
593 573 626 624 ct
647 564 821 627 tribunalia
840 566 1035 631 verebuntur
1052 564 1109 651 ⁶);

98 680 185 745 unde
204 674 435 740 centumvirale
457 670 659 759 quadruplex
680 672 800 741 dictum
823 662 1045 758 est'judicium
1059 678 1104 755 ⁵).

98 790 341 875 Quamobrem
361 806 429 847 non
449 784 555 847 cuncti
574 802 641 847 una
662 762 875 869 consederint,
890 784 948 853 sed
967 787 1104 867 sejuncti

96 900 261 989 pertibus,
284 890 438 983 'equidem
458 916 525 959 non
547 896 625 959 satis
645 898 822 983 perspicio;
844 898 910 961 nisi
930 886 1106 960 sorle'tum

52 1092 56 1097 Ι
96 1012 147 1079 rei
165 1010 333 1087 reuocate,
355 1018 426 1071 tunt
446 1006 595 1093 ipsorum
615 1008 748 1071 arbitrio
767 1006 803 1071 id
823 1010 946 1071 lectum
969 1004 1109 1071 essetne

98 1117 345 1203 conjiciendum.
386 1116 500 1204 Neque
526 1137 546 1179 e
573 1138 653 1181 roro
678 1114 809 1181 videtur
838 1114 1005 1199 absimile,
1022 1112 1110 1181 -con-

97 1246 225 1297 suetum
239 1230 332 1294 bunc
351 1248 448 1294 usum
466 1226 591 1307 fuisse,
622 1236 661 1289 ut
678 1228 798 1293 melius
813 1228 904 1295 inter
922 1250 960 1294 se
981 1226 1112 1297 delibe-

98 1421 301 1447 μ

164 1528 357 1605 pedaneorutn
379 1522 511 1595 judicum,
522 1538 671 1595 numam
686 1522 784 1597 plures
802 1534 884 1580 eraut
897 1525 1002 1601 nisiiu
1019 1526 1110 1582 rebus

163 1621 322 1701 perpaucis.
339 1616 360 1673 i.
376 1636 401 1670 e.
418 1614 591 1701 gravissimis
609 1626 638 1677 et
653 1617 773 1681 multoe
786 1614 991 1691 criminalibtn.
1021 1616 1109 1673 Adde

163 1706 247 1775 t'15.
264 1715 291 1787 p.
309 1711 336 1769 2.
353 1710 389 1765 l).
407 1706 470 1762 eod.
895 1766 898 1771 ¹
946 1764 952 1771 ,
1104 1768 1108 1775 Ι

99 1808 133 1877 ⁸)
160 1802 225 1863 Vel.
246 1785 324 1857 Mer.
342 1799 412 1863 Vll,
428 1800 456 1855 7.
474 1798 515 1853 l.=
537 1796 698 1863 „omnibus
715 1798 840 1853 consiliis
854 1800 986 1873 superior
1000 1798 1111 1857 disces-

163 1896 242 1957 slt;”
258 1892 299 1947 cl.·
312 1892 333 1946 l.
351 1892 396 1947 10.
414 1884 450 1945 D.
469 1890 505 1943 de
518 1884 601 1949 inoll'.
619 1882 793 1945 testamento.¹

98 1990 130 2061 ⁴)
164 1982 304 2057 Qumctil,
327 1984 358 2037 J.
380 1982 420 2039 Ο.
444 1983 483 2049 V,
498 1980 532 2047 2,
550 1980 592 2037 tn
626 1990 681 2047 „ut
701 1978 827 2050 partibus
843 1979 1108 2051 cusmmsicalium,

156 2096 237 2151 ¹quse
259 2074 378 2133 induas
395 2072 729 2143 bestasdivisaeauut;”
753 2068 824 2125 t'hid.
839 2069 897 2135 XI,
915 2068 945 2129 1.
963 2068 1023 2125 'idas
1041 2085 1108 2139 „ut

162 2172 195 2225 iu
220 2168 342 2225 secunde
362 2168 516 2225 assertione
537 2174 586 2219 aut
601 2162 635 2217 iu
657 2150 1033 2229 centumviralibus'judiciis
1049 2162 1107 2219 du-

162 2262 285 2334 plicibus
301 2272 382 2335 parte
403 2262 478 2315 victe
501 2256 648 2310 decentius
665 2252 733 2321 erit,
755 2253 865 2327 quoties
879 2250 1029 2323 contigerit
1046 2272 1110 2311 ser-

165 2372 231 2408 vare
245 2352 372 2425 judicum
387 2350 535 2425 pudorem.
544 2356 564 2382 ”

97 2448 132 2515 Ι)
152 2445 235 2499 Ptin.
253 2464 297 2517 ep.
317 2446 350 2509 l,
368 2444 427 2499 te:
444 2454 547 2503 „mm
563 2435 595 2491 in
610 2434 789 2508 quadruplici
803 2432 925 2506 judicius
942 2452 1020 2491 erum
1036 2454 1108 2492 con-

107 2586 110 2591 .
163 2548 208 2593 tra
222 2534 436 2607 potentissimos
453 2528 588 2593 usitatis,
612 2537 698 2599 utque
714 2530 800 2587 esiun
814 2526 939 2585 Gamrb
955 2529 1108 2597 emissoren

163 2625 233 2685 ibid.
251 2626 298 2685 tv.
314 2622 378 2691 ute
412 2618 513 2691 „apud
536 2618 729 2673 centumuiros
754 2620 786 2673 in
808 2616 987 2691 quadruplici
1002 2621 1110 2690 judicio

164 2716 305 2776 dixissem,
317 2713 404 2768 subiit
416 2709 581 2773 recordatio,
594 2710 681 2780 egisse
699 2729 744 2765 me
756 2714 885 2782 juvenem
901 2728 990 2783 aeque
998 2712 1031 2765 in
1039 2727 1108 2785 qua.

161 2804 320 2877 druplici;”
336 2803 406 2862 ibid.
423 2804 481 2869 VI,
498 2801 562 2856 dd:
579 2800 783 2875 „quadruplici
797 2803 901 2872 judicio
915 2802 994 2859 bons
1009 2815 1107 2875 pater-

161 2892 393 2969 ns'repctebst,.”
412 2905 441 2950 et
456 2894 543 2967 paulo
560 2902 643 2965 posit
661 2903 729 2962 „tot
744 2895 822 2949 enim
839 2904 962 2965 quatuor
978 2896 1107 2951 consiliis

160 2989 389 3045 conscribuntur.
399 2996 420 3023 ’⁹
435 3012 473 3029 -
491 2986 586 3043 Moris
609 2992 705 3041 sutem
722 2995 796 3051 erat,
818 2996 941 3058 quateret·
955 2985 1018 3041 lieri
1035 3004 1107 3041 een-

155 3084 353 3137 'tumsirorum
368 3078 500 3143 eonsilia3
518 3076 656 3148 Quinctil.
673 3077 740 3139 llll,
757 3074 786 3133 ⁵.
802 3078 831 3133 6.
889 3136 892 3143 ,
976 3070 979 3075 ’

93 3166 126 3242 ‘l
160 3174 181 3233 l.
200 3176 244 3230 76.
263 3190 309 3246 pc.
327 3172 363 3243 l).
381 3170 515 3241 delegat.
533 3169 576 3225 2.s
593 3167 692 3236 „Cum
708 3167 783 3223 lilius
800 3166 897 3223 divisis
909 3162 1107 3229 tribunalibus

157 3266 299 3319 actionem
314 3262 466 3319 inofficiosi
484 3261 644 3315 testum-ti
659 3259 760 3315 metris
774 3257 966 3331 pertulisset.”
991 3257 1104 3329 Quine-

157 3354 203 3411 ul.
220 3356 293 3418 Xll,
311 3352 338 3409 5.
356 3356 402 3410 fia
428 3352 561 3421 „diceret
574 3353 671 3424 primo
688 3351 841 3419 tribunali,
868 3360 992 3425 quatuor
1007 3362 1103 3417 eutem

156 3444 269 3517 judicie,
286 3453 321 3499 ut
336 3443 426 3500 moris
442 3452 494 3511 est,
511 3452 715 3515 cogerenturr’
732 3453 762 3497 et
776 3444 863 3516 paulo
881 3452 963 3517 post:
981 3442 1102 3511 „lauda-

158 3548 221 3593 tum
242 3552 356 3607 qunque
379 3553 413 3591 ex
436 3545 558 3607 quatuor
582 3532 771 3591 uihuusttbus
791 3534 947 3599 memini.”
970 3562 1006 3578 -
1030 3536 1104 3591 Inde

157 3627 285 3683 fortassis
302 3625 376 3683 baud
389 3626 585 3699 improbabilis
602 3626 656 3681 erit
672 3626 842 3696 conjectura,
853 3624 1019 3703 'consedisse
1035 3646 1104 3684 cen·

121 3722 125 3731 '
153 3719 294 3774 tumviros
317 3735 378 3773 uon
401 3728 435 3773 ut
456 3718 574 3791 'pedanei
597 3716 702 3787 judices
718 3717 750 3771 iu
767 3716 923 3781 subselliis,
948 3734 1051 3772 uerum
1070 3722 1104 3774 in

153 3808 341 3865 tribunalium
362 3811 518 3881 suggestiss
552 3808 680 3881 abequin
703 3806 848 3863 enimin
873 3808 930 3864 ulls
947 3809 1103 3881 explicetio

137 3902 394 3977 praesupmsit,
412 3918 471 3977 qua
487 3898 545 3961 ltoc
559 3916 667 3957 nomeu
682 3901 863 3975 explicemus.
