2400 4328
527 162 761 247 ..rso-7

138 341 265 406 ιιι-Ιιοο
295 335 426 402 tertium
453 336 616 404 actionum
643 354 761 398 nomen
794 335 1045 408 conformarent,
1084 338 1151 402 nisi

138 463 176 517 nt
197 461 315 516 ceteras
336 448 479 510 actiones
503 444 711 510 denominare
732 443 869 529 quirent,
895 465 976 529 quae
998 467 1069 510 non
1091 449 1152 513 bo-

140 582 203 624 nae
222 554 311 635 fidei,
343 578 449 643 neque
470 557 569 621 stricti
588 557 666 633 juris
688 565 812 618 essent:
842 566 880 615 ut
900 575 1024 620 nomen
1045 556 1150 624 habe.

138 679 212 735 rent
218 657 228 742 ,'
252 686 316 752 quo
334 659 480 752 plenau!
486 669 649 731 actionum
669 663 864 730 divisionem
883 667 1039 735 facerent.
1073 669 1147 740 At-

138 798 201 867 que
221 775 461 842 diversissimae
482 779 622 842 actiones
645 777 806 841 nominari
826 788 977 861 poterant
997 781 1058 844 hoc
1080 798 1143 842 uo-

136 878 249 972 mina,
278 889 318 950 ab
348 887 476 950 arbitrio
504 888 593 952 enim
618 885 731 968 judicis
753 888 863 950 omnia
884 878 1025 974 pendere
1047 887 1143 954 debe.

137 1002 217 1064 bant
238 1000 274 1061 in
296 999 410 1083 quovis
431 997 548 1078 judicio
561 997 702 1083 fitaque
722 999 757 1058 in
777 995 829 1074 iis,
854 1015 935 1080 quae
957 1019 1066 1084 neque
1085 1000 1144 1064 bo-

137 1102 200 1176 nae
214 1108 297 1172 'fidei
317 1120 409 1172 erant
430 1129 535 1194 neque
558 1108 658 1170 stricti
678 1107 768 1186 juris.
814 1101 938 1169 Omnes
957 1119 1070 1173 autem
1091 1131 1144 1172 ac·
1175 1158 1178 1165 a

137 1223 262 1294 tiones,
297 1230 354 1281 aut
375 1221 557 1282 arbitrarius
581 1238 681 1299 esse„
700 1227 756 1278 aut
776 1236 843 1278 non
866 1237 937 1280 esse
967 1220 1142 1282 existimo:

136 1337 209 1401 nou
225 1329 406 1394 arbitrarius
425 1341 481 1392 aut
499 1331 603 1394 bonae
622 1325 718 1402 fidei,
743 1338 798 1389 aut
821 1328 1031 1408 strietijuris.
1053 1364 1099 1376 -·-

222 1439 332 1521 Quam
354 1437 558 1512 sententiam,
583 1458 666 1522 quse
688 1440 764 1500 satis
786 1460 846 1525 per
867 1457 903 1502 se
918 1451 970 1515 ‚est
986 1439 1142 1522 probabi—

136 1555 197 1631 lis,
228 1550 316 1614 hisce
349 1549 557 1628 argumentis·
581 1547 833 1613 confirmandam
865 1563 953 1637 puto.
1010 1545 1138 1626 Regula

76 1734 79 1739 ,
115 1664 225 1725 ¹enim
252 1659 342 1751 nulia
372 1656 551 1722 communis
580 1671 650 1723 erat
664 1662 852 1728 ¹arbitrariis
884 1657 1037 1742 negotiis,
1057 1658 1140 1742 quin

136 1771 216 1837 adeo
237 1769 423 1834 testimonia
436 1767 576 1846 desunt,
608 1780 645 1832 ut
672 1792 715 1833 ne
742 1772 847 1836 ullum
873 1769 1007 1858 quidem
1032 1768 1145 1844 locum

111 1883 274 1960 ‘habeas‚
305 1882 361 1963 qui
383 1879 460 1967 quid
481 1883 558 1944 certi
578 1881 746 1962 exhibeam
778 1893 816 1947 ut
841 1883 1035 1968 plerumque
1057 1883 1142 1945 arbi-

134 1992 253 2055 trariae
274 1990 410 2053 actionis
435 2012 555 2054 nomen
576 2002 703 2054 tantum
723 1990 924 2057 inveniamus
950 1985 993 2073 ⁶.)
1043 1990 1141 2074 Quae

135 2125 177 2166 an
198 2121 345 2186 unquam
362 2101 439 2163 ferri
459 2104 657 2186 potuissent,
692 2102 721 2165 si
748 2113 831 2167 certa
858 2101 939 2164 ratio
960 2103 1157 2171 arbitrariis·

135 2214 309 2297 actionibus
330 2211 461 2291 inesset,
484 2208 615 2295 dubito;
638 2226 724 2277 certe
745 2213 919 2299 permirum
933 2212 1141 2295 haberemus,

134 2307 209 2390 eam
228 2345 299 2388 rem
319 2334 445 2386 veteres
466 2325 562 2408 plane
582 2325 766 2404 reticuisse,
791 2316 923 2414 'etenim
943 2319 984 2384 de
1005 2323 1142 2388 actioni-

133 2440 193 2502 bus
214 2438 318 2501 bonae
339 2432 416 2498 fidei
437 2433 598 2519 strictique
618 2435 715 2514 juris,
747 2447 784 2497 ut
805 2416 902 2500 modo
924 2431 1140 2512 ostendimus,

134 2547 255 2610 dictum
282 2556 332 2607 est
356 2544 560 2628 saepissimis
592 2539 669 2606 lucis
698 2543 991 2630 disertissimisque.
1034 2542 1138 2625 Magis

132 2656 236 2719 adhuc
256 2664 364 2717 nostra
386 2675 436 2715 res
458 2638 710 2740 persuadebitur,
735 2658 762 2719 si
786 2658 1032 2735 arbitrariarum,
1054 2676 1138 2740 quae

131 2765 331 2830 insontibus
354 2777 531 2844 occurrunt,
548 2765 712 2838 actionum
735 2780 883 2831 naturam
892 2768 1138 2848 rurestrgamus

129 2872 197 2937 Vel
216 2872 380 2936 neminem
401 2874 530 2962 latebit,
550 2876 602 2943 iis
625 2853 778 2942 omnibus
796 2879 957 2961 rationem
976 2895 1051 2957 eam
1071 2896 1138 2941 non

128 2986 255 3062 inesse,
285 3003 367 3069 quae
394 2987 430 3046 iu
452 2986 628 3056 actionibus
652 2991 753 3052 bonae
774 2985 850 3050 fidei
870 2987 1036 3073 strictique
1055 2989 1135 3073 juris

111 3099 266 3162 ¹obtinet.
311 3092 407 3158 Actio
428 3096 517 3158 enim
536 3098 732 3177 Publiciana,
755 3099 921 3179 Seruiana,
945 3101 1036 3184 quasi
1056 3094 1134 3160 Ser-

44 3258 48 3263 .
69 3203 72 3208 ’
127 3208 227 3271 viana
247 3202 408 3267 ad'fidem
430 3217 649 3272 contractuum
668 3230 735 3273 non
755 3210 938 3296 pertinent3
955 3225 1061 3294 neque
1083 3229 1136 3269 ac-

36 3395 39 3401 ,
127 3317 212 3379 tioui
241 3311 328 3403 quod
356 3327 463 3379 metus
485 3304 596 3404 causa,
609 3318 616 3336 ”
629 3341 734 3407 neque
762 3319 847 3401 doli,
877 3341 982 3405 neque
1012 3319 1054 3383 de
1085 3341 1133 3396 eo,

81 3428 85 3433 ’
112 3417 215 3512 'quod
236 3437 322 3488 certo
343 3425 414 3490 loco
436 3425 504 3490 dari
525 3443 696 3516 oporteret,
719 3453 825 3520 neque
847 3429 888 3494 ad
912 3429 1135 3496 exhibendum

128 3612 328 3631 *-

127 3711 165 3781 ⁴)
193 3710 219 3778 ἕ
236 3708 281 3766 33.
306 3710 333 3764 J
358 3712 392 3767 dc
417 3715 521 3769 action.
557 3717 577 3775 Ι.
595 3717 622 3773 2.
613 3736 684 3789 ‚pr
701 3712 1137 3786 1).deeoquodcertolnco.

194 3797 253 3859 Ι.5.
271 3801 297 3856 7.
315 3819 359 3875 pr.
394 3805 413 3859 Ι.
430 3805 458 3861 8.
474 3807 536 3862 cod
571 3809 590 3863 Ι.
608 3809 652 3866 Ι6.
672 3811 698 3878 b.
718 3811 744 3866 Ι
760 3809 796 3864 Ι)
822 3807 855 3862 dc
872 3806 985 3862 constit.
1003 3807 1139 3878 pecunia

193 3894 213 3949 Ι.
231 3895 308 3960 unic.
327 3895 358 3950 C
377 3895 425 3954 ubi
443 3872 608 3957 cosscnitur
625 3901 675 3972 qui
692 3909 769 3956 certo
786 3901 868 3964 Ιιιιιι.Ι

347 4143 362 4171 6
