2400 4328
504 247 547 262 --
590 197 643 278 ³20
694 242 736 262 ·-
829 298 831 302 Ι

115 384 305 455 sacramenti
325 379 534 464 legisactione
555 395 588 445 et
607 380 724 463 judicis
753 380 970 467 postulatione
999 409 1126 474 nagan.

45 523 53 538 ·
115 500 195 564 dum
217 509 282 573 cst,
305 513 378 558 cum
400 490 442 557 de
462 513 502 556 eo
523 511 560 555 re
581 503 614 554 et
635 489 736 570 Gaius
759 491 871 572 ssseat,
906 506 939 557 et
959 502 1044 567 ratio
1066 504 1126 572 de·

115 610 182 683 sin
201 605 392 669 contrariam
413 622 484 667 rem
506 600 677 669 statuendi.
727 600 852 668 Eadem
875 625 956 672 vero
979 617 1125 680 necessi-

113 728 179 779 tate
208 734 398 800 persuasum
427 724 477 777 est
503 712 603 791 mihi,
649 712 721 775 hoc·
739 723 887 800 tempore
917 708 1058 796 judicem
1088 728 1133 790 in·

112 823 311 893 condictione
340 820 547 904 judicavisse,
585 841 665 911 qua,
705 824 856 889 formulis
877 831 1051 913 neglectis,
1088 838 1136 919 inl

109 939 271 1025 plerisque
292 931 469 1013 actionibus
491 931 522 995 ei
541 928 749 1012 judicandum
769 932 873 1017 esset,
888 955 892 963 ’
905 941 942 1002 in
964 945 1121 1010 omnibus

110 1048 287 1113 nouissimo
309 1041 483 1106 lastiniani
504 1049 663 1127 tempore.
705 1042 746 1108 In
764 1046 824 1109 hac
846 1069 924 1112 vero
947 1042 984 1115 ἡ
1006 1068 1119 1120 contra

110 1159 303 1223 sententiam
325 1152 489 1216 doctorum
512 1148 657 1235 disputo,
698 1156 974 1242 existimantium,
1007 1167 1122 1230 novis-

59 1254 63 1265 '
111 1275 194 1335 aiano
215 1280 361 1352 tempore
391 1282 457 1324 non
487 1264 553 1340 jam
581 1248 720 1340 judicem
749 1265 820 1330 dari
847 1270 995 1354 solitum,
1036 1298 1121 1362 quae

111 1397 209 1467 quam
230 1377 309 1438 salsa
331 1374 393 1450 sit,
423 1393 478 1436 me
499 1392 601 1458 spero,
616 1386 690 1459 post
709 1379 1020 1461 probaturumesse.

194 1488 281 1551 Haec
301 1505 375 1548 mea
396 1485 555 1547 sententia
575 1504 771 1570 quamquam
800 1511 866 1553 non
896 1506 945 1555 est
967 1506 1118 1559 veterum

90 1598 305 1666 testimoniis
328 1597 552 1678 comprobata,
576 1608 692 1659 tamen
715 1596 804 1661 haud
825 1612 947 1665 temere
968 1600 1003 1665 id
1024 1625 1043 1664 a
1064 1599 1119 1666 me

111 1710 308 1797 disputatum
329 1716 419 1790 puto.
473 1696 559 1768 Novi
589 1709 679 1770 enim
702 1711 786 1771 nihil
807 1713 883 1774 huic
905 1716 1022 1777 actioni
1043 1716 1119 1778 ine-

98 1828 176 1898 rat,
200 1815 286 1911 qarod
305 1816 497 1881 testimoniis
520 1819 747 1902 probavimus5
787 1832 820 1882 et
840 1824 900 1883 hac
921 1827 1045 1886 ratione
1068 1830 1120 1886 fa-

111 1931 183 1995 citis
212 1939 287 2002 sunt
315 1945 355 1988 ea
384 1925 552 2010 expeditu,
600 1928 715 2010 quibus
746 1930 945 2012 explicandis
973 1935 1120 2018 alioquin

97 2037 314 2130 *impedimus
358 2034 495 2119 Jamque
517 2057 584 2096 non
604 2045 656 2096 est
677 2035 812 2115 mirum,
837 2059 892 2100 cur
913 2050 980 2099 tam
1000 2047 1118 2123 paucis

110 2162 143 2214 et
167 2162 234 2212 tam
256 2145 405 2210 breuibus
420 2144 526 2206 verbis
543 2144 583 2206 de
597 2141 847 2225 agendi'ratione
863 2144 1119 2220 incondictione

70 2311 76 2332 ,
110 2260 286 2325 enuntiarit
306 2269 432 2321 auctor:
456 2255 539 2318 nihil
561 2257 649 2317 enirn
670 2255 810 2318 habebat
831 2258 919 2331 novi,
941 2258 1004 2318 nisi
1027 2261 1118 2342 quod

110 2373 235 2447 attulit,
264 2366 296 2431 id
317 2367 439 2446 dicere,
468 2364 607 2446 judicem
630 2388 700 2430 esse
721 2368 859 2445 lectum,
890 2369 1015 2447 legibus
1038 2357 1117 2434 con-

108 2482 283 2547 dictionem
305 2480 534 2566 constitutam:
573 2475 676 2560 deque
699 2479 794 2539 rebus
819 2464 1018 2545 condictione
1039 2504 1117 2566 per-

110 2590 241 2675 agendis
263 2589 397 2673 scripsit.
442 2585 616 2649 Rationem
642 2586 765 2666 agendi·
779 2591 890 2672 paucis
912 2592 1116 2674 perstrictam

109 2703 249 2787 reliquit,
271 2695 400 2761 uberius
422 2715 496 2756 cam
517 2698 712 2782 perscribere
733 2699 865 2784 insuper
883 2701 1015 2780 habens,
1040 2727 1116 2769 cum

109 2810 149 2874 de
172 2832 210 2894 ea
231 2814 297 2888 jam
319 2818 393 2869 ante
416 2801 611 2892 disputasset
631 2809 664 2869 io
688 2804 802 2885 judicis
822 2812 1040 2896 postulatione
1069 2814 1113 2898 ε).

14 2984 18 2991 .
120 2977 308 2996 Μ

177 3079 311 3158 pecuniae
325 3076 388 3148 lege
405 3093 471 3130 vero
489 3076 643 3150 Calpurnia
669 3076 702 3132 dc
725 3079 804 3131 omni
822 3090 896 3135 certa
913 3090 973 3135 rc.·’
1011 3074 1117 3140 ‘Obiter

121 3184 135 3191 ··
175 3189 303 3226 memoro
324 3187 341 3223 a
362 3169 471 3222 ratione
494 3166 547 3239 bac
569 3167 667 3238 agendi
690 3173 834 3230 communi
857 3182 970 3243 postero
986 3182 1117 3246 tempore

176 3262 365 3317 condictiones
383 3270 558 3314 convocatas.
601 3258 742 3314 Omnibus
760 3262 874 3315 eandem
898 3262 971 3316 hanc
984 3266 1115 3337 regulam

175 3357 279 3421 fnisse,
311 3368 382 3425 quae
398 3339 504 3422 eratin
522 3349 605 3404 rebus
623 3351 799 3406 condictione
813 3355 995 3425 peragendis,
1026 3338 1123 3432 cupio¹
1160 3343 1162 3351 γ

141 3448 143 3453 “
171 3447 263 3501 cnivis
284 3443 480 3498 notissimum:
508 3460 569 3496 rem
585 3440 644 3497 hoc
670 3452 798 3516 tempore
822 3444 946 3513 adnoto,
977 3465 1038 3502 eam
1055 3452 1116 3507 alio

172 3540 236 3594 loco
254 3552 336 3608 sparo
352 3551 398 3589 me
413 3534 589 3607 perspicuam
608 3533 750 3594 daturum.

9 3656 11 3663 '
107 3653 141 3723 ⁸.)
168 3652 369 3714 Imminutum,
400 3665 490 3720 nequae
521 3647 665 3719 explosum
702 3648 759 3701 hoc
779 3647 982 3720 argumentum
1016 3652 1114 3711 rides-

169 3755 218 3800 tur
249 3742 320 3797 folio
347 3757 448 3796 manco
477 3748 505 3794 ct
542 3737 686 3793 interlito:
719 3737 837 3809 legimns
867 3743 943 3796 enim
975 3743 1006 3796 in
1035 3743 1114 3802 libro

169 3835 234 3904 Gaii
261 3834 345 3889 nobis
363 3831 476 3888 tradito
499 3830 583 3884 verba
609 3828 644 3884 de
666 3828 894 3886 denominatione
918 3831 1001 3903 hujus
1018 3837 1112 3892 aetio-

166 3928 222 3997 nis,
236 3943 308 4002 quse
324 3915 408 4001 initio
422 3938 485 3979 esse
500 3920 645 3976 debebam
661 3950 698 3964 -
719 3919 781 3979 Cur
795 3931 887 3980 cutam
906 3924 936 3978 in
953 3925 1110 3987 condictio·
