2400 4328
454 147 812 233 l-r-

191 367 268 414 cum·
282 342 414 420 ceteris,
450 334 492 400 ad
511 333 718 418 judicandum
738 342 865 423 electis,
897 349 1136 436 magistratibus
1161 357 1193 440 ⁸)

189 459 361 542 judicium,
384 451 460 536 satis
482 460 532 511 est
551 459 677 511 uotum.
724 447 805 515 Cum
826 475 923 535 vero,
946 457 1066 536 judices
1088 469 1192 544 magi-

189 571 340 638 stratibus
359 572 457 647 opem
477 558 608 635 tulisse,
647 563 805 623 memoria
825 563 868 624 sit
888 564 1093 651 mandatum,
1126 597 1192 638 non

126 664 136 673 ’
185 697 336 771 possum,
359 670 453 757 quin,
476 669 711 750 magistratibus
741 669 962 738 deficientibus
989 676 1028 740 ad
1047 680 1191 759 judican-

187 793 275 868 dum,
296 782 417 873 judices
440 783 479 842 ab
502 780 549 842 eis
570 776 735 844 adsumtos
752 800 823 844 esse
839 793 965 872 putam,
1005 788 1116 875 Atque
1131 815 1190 856 ne.

186 901 367 967 cessitatem
387 889 528 971 judieum
548 899 678 974 postero
700 889 832 954 demum
860 904 1006 980 tempore
1028 918 1063 961 oc
1084 922 1190 965 rerum

85 990 89 1005 ⁵
184 1005 392 1078 multitudine
414 988 545 1064 illatam
567 1019 651 1063 esse
662 1021 795 1093 censeo,
820 1024 893 1066 cum
913 1005 1044 1089 quidem
1064 1008 1187 1088 judices

183 1127 360 1209 habeamus
381 1135 417 1179 re
438 1125 539 1221 atque
557 1111 666 1174 officio
688 1095 848 1176 Praetoris
871 1112 1093 1197 defungentes,
1117 1142 1189 1186 ma-

184 1232 368 1321 gistratibus
390 1196 571 1302 adstantes,
594 1219 774 1301 judicantes
797 1244 909 1287 eorum
931 1230 1129 1311 auctoritate,
1152 1245 1189 1297 ut

184 1367 243 1413 suo
264 1348 334 1426 jure
356 1359 405 1463 acp
413 1334 520 1398 officio
543 1333 714 1436 nequirent
736 1332 916 1420 ullumquid
936 1339 1105 1422 perficere,
1128 1362 1188 1406 ne-

137 1500 139 1504 »
182 1477 246 1544 que
266 1455 360 1517 litem
383 1428 593 1533 componere,
632 1464 739 1530 neque
766 1443 920 1525 judicium
941 1449 1025 1512 ferre
1054 1451 1124 1514 nisi
1145 1450 1187 1515 ad

181 1568 217 1634 id
238 1563 331 1628 «tecti
356 1558 396 1644 ²).

266 1670 332 1738 Sed
352 1688 491 1754 necesse⁸
506 1664 585 1742 erit,
608 1676 646 1726 ut
667 1684 705 1728 eu
726 1665 947 1751 inquiramus,
978 1687 1079 1754 quae,
1102 1666 1183 1751 Gajo

181 1767 327 1862 auctore,
367 1779 408 1844 de
441 1774 663 1862 antiquissima
690 1772 799 1854 iudicii
829 1779 956 1842 ratione
983 1779 1076 1841 nobis
1098 1783 1184 1845 refe-

77 1886 85 1897 ’
179 1910 311 1975 runtur3
333 1895 405 1978 ipse
426 1888 467 1952 de
488 1886 605 1968 judice,
630 1906 733 1973 eoque
754 1899 901 1976 tempore
923 1891 1180 1975 legissetiouum,

180 2161 214 2230 ²)
240 2157 302 2210 Liu'
319 2152 380 2216 VH,
399 2152 440 2207 1.=
465 2144 639 2218 „curulibus
656 2146 729 2203 sellis
747 2161 933 2223 praetextatos
950 2159 1085 2225 tunquam
1103 2155 1182 2213 Cou-

245 2247 319 2305 oules
337 2230 612 2311 sedentes‘nobiiitas
630 2240 683 2294 sibi
702 2242 874 2312 sumsisset?
886 2245 1048 2302 Praetorem
1066 2249 1181 2320 quidem

156 2392 159 2403 ,
246 2338 330 2394 etiam
353 2340 414 2406 jura
436 2332 616 2400 riddeutem,
648 2342 675 2386 et
702 2333 838 2403 collegam
864 2335 1047 2395 Consulibus.
1057 2339 1071 2368 ’¹
1095 2341 1181 2412 .Utp.

245 2432 346 2500 tragm.
362 2426 455 2493 XXV,
472 2425 516 2482 12
539 2425 601 2496 Gai.
620 2425 661 2490 11,
678 2423 741 2479 278.
767 2426 810 2481 De
826 2416 1051 2498 magistratibus,
1070 2432 1180 2507 quibus

244 2521 362 2578 facultas
379 2518 450 2588 iuris
465 2516 577 2573 dicendi
594 2516 693 2580 fuerit,
709 2524 775 2588 post
790 2532 843 2570 suo
859 2516 924 2572 loco
941 2517 1040 2572 dicam.

176 2618 211 2686 ⁸)
236 2612 299 2669 Vix‘
312 2621 405 2665 autem
429 2619 527 2665 contra
542 2618 670 2664 nostram
700 2606 867 2660 sententiam
891 2615 975 2660 erunt
999 2604 1139 2678 disputata
1161 2629 1179 2666 a

180 2715 183 2723 ’
241 2703 380 2776 Dionysio
405 2702 471 2756 Hal.
490 2699 623 2776 1v‚25.;
647 2715 712 2754 eum
735 2698 760 2752 is
778 2696 928 2753 memoriae
949 2696 1056 2764 tradat,
1072 2700 1178 2768 iudices

239 2799 296 2867 jam
314 2814 330 2849 a
347 2795 444 2853 Servio
464 2793 559 2848 Tullio
577 2793 663 2847 lectos
680 2805 756 2848 esset
784 2802 876 2858 neque
898 2784 1064 2844 dubitarunt
1091 2789 1177 2859 docti,

241 2888 312 2959 quin
329 2884 364 2941 da
379 2885 470 2957 judice
487 2884 641 2940 etarbitro
659 2883 714 2951 jam
735 2878 768 2931 in
784 2876 931 2933 duodecim
948 2879 1051 2941 tabulis
1068 2881 1177 2938 exhibi-

237 2989 300 3034 tum
317 2980 371 3043 sit,
388 2997 446 3050 quo
463 2989 591 3049 temporo
607 2972 699 3028 adbuc
713 2968 824 3024 nulium
840 2968 1001 3025 Praetorem
1019 2971 1106 3028 inisse
1122 2977 1177 3030 sci-

239 3089 319 3132 musa
350 3070 387 3126 cs.
405 3069 475 3124 Tab.
492 3069 530 3124 11.
546 3062 622 3137 apud
642 3059 813 3118 Baebium
804 3077 835 3114 ιιι
853 3058 953 3117 histor.
970 3063 1175 3136 jurisprudent

238 3163 358 3217 Roman.
376 3179 438 3234 pag
443 3160 505 3221 36
521 3156 597 3247 apud
614 3150 820 3208 Heilteldium
811 3169 843 3205 ιιι
861 3151 988 3210 Ιιίιιιιι.ι
954 3174 1034 3225 ..1ur
1053 3177 1115 3232 pag
1131 3160 1175 3218 45,

239 3254 296 3325 Qui
314 3251 344 3307 bi
370 3251 474 3323 judices
490 3226 641 3314 fuerint,
631 3262 662 3299 m
686 3242 775 3298 dubio
799 3244 853 3298 erit
873 3244 1106 3327 relinquendum·
1137 3271 1175 3308 an

221 3348 416 3427 magistratus
434 3346 544 3403 esseut,
580 3337 618 3392 ita
642 3345 674 3390 ut
698 3334 812 3405 negotia
837 3335 868 3389 in
889 3354 920 3390 ae
950 3339 1108 3412 reciperent
1131 3364 1172 3411 ea,

236 3455 307 3510 quae
331 3444 444 3507 postero
468 3440 597 3502 tempore
620 3445 638 3482 ι
662 3426 833 3485 Consulibus
859 3430 992 3487 Praetura
1024 3442 1052 3486 et
1074 3438 1173 3490 ceteris

233 3524 444 3598 magistratibus
460 3520 629 3592 agebantur,
647 3535 684 3582 au
707 3535 785 3576 secus
802 3521 970 3592 dicendum,
994 3524 1090 3597 nescio
1108 3543 1174 3583 cum

235 3615 469 3674 ἰιιιοὶιιιιίιιίιιιίι
502 3611 561 3666 Eos
579 3629 673 3677 vero,
689 3627 755 3666 cum
772 3614 849 3668 unici
865 3616 970 3684 judicer
987 3606 1098 3682 essent,
1128 3619 1174 3687 ju-

232 3707 427 3767 risdictionem
444 3701 591 3764 habuisse,
610 3719 669 3756 non
687 3701 797 3758 videtur
812 3706 989 3776 negandum,
1014 3705 1061 3759 sed
1078 3704 1173 3775 hosce,

231 3800 266 3855 aa
283 3797 386 3868 quibus
404 3811 481 3850 nuuc
497 3795 665 3875 dicimus,
658 3794 728 3864 'nris
744 3795 854 3851 dicendi
872 3798 1033 3853 facultatem
1049 3813 1067 3850 a
1083 3795 1172 3855 Prae-

212 3901 292 3945 ..trra
309 3886 451 3944 etaetatis
468 3887 677 3958 magistratibus
688 3880 866 3980 repentibus,
883 3888 970 3945 modu
982 3886 1170 3948 adstruimus.
