2400 4328
465 89 700 163 ..ιω-

91 280 239 363 gulosum
258 293 343 339 nunc
363 266 558 365 perscribere
577 262 674 339 nolo,
702 278 808 347 neque
828 258 987 343 reiutare,
1018 273 1095 333 m

91 414 131 455 ea
152 407 186 453 re
208 382 264 452 vix
285 380 433 445 utilitatis
455 375 548 443 nobie
568 368 821 441 redundaturum
840 369 886 433 ait
904 370 1096 459 quidquam

93 496 209 591 Obiter
230 513 249 552 a
270 485 430 575 plerisque
451 480 776 587 &recuperatoribus
792 475 994 547 dictumest
982 508 1098 573 ιρις).

92 608 195 695 priam
219 619 296 666 vero
335 593 416 659 de
406 595 447 662 sis
476 592 735 661 dissenetionem
764 610 807 655 ne
834 609 932 667 unam
959 594 1100 678 quidem

92 713 211 801 accepi.

176 820 281 891 Pauca
311 794 388 881 tero
419 813 460 881 de
486 770 656 880 sententiis
683 810 849 879 doctorum
877 808 1042 877 dicenda'
1030 826 1115 884 rste.

93 932 277 998 arbitrabar.
300 921 507 1005 conjiciendo
528 935 638 989 autem
658 922 716 987 rix
736 923 843 987 ausim
864 917 982 987 addere
1002 920 1102 1007 qrrid-

94 1063 209 1131 quem,
242 1058 288 1103 ne
309 1044 431 1105 temere
461 1055 530 1101 rem
555 1042 737 1129 susceptam
766 1041 969 1119 pertractem-
1011 1029 1101 1101 Illud

95 1172 198 1221 unum
218 1147 357 1229 intelligi
376 1146 545 1225 volumus,
572 1153 812 1231 recuperatores
831 1152 980 1229 tempore
999 1142 1104 1208 fuisse

97 1284 163 1329 non
181 1264 250 1340 jam
269 1246 467 1339 nouissim03
479 1296 481 1301 ,
494 1251 591 1343 idque
616 1253 825 1341 perspicuum
843 1253 984 1333 eriteo,
1016 1254 1105 1343 quod

97 1392 195 1436 nemo
217 1380 267 1434 est
288 1378 415 1445 auctor,
439 1364 495 1451 qui
514 1383 626 1430 eorum
647 1373 693 1427 et
699 1363 871 1429 minimus
888 1363 985 1427 faciat
1003 1386 1105 1432 men-

98 1485 231 1546 tionem
274 1476 368 1544 Adeo
399 1475 462 1543 ioci
488 1475 690 1539 intermutati
719 1484 795 1538 sunt
822 1493 953 1579 omnes,
981 1475 1104 1558 quide

91 1586 374 1700 'recuperatoribus
403 1584 609 1650 exhibuerint
632 1583 683 1668 ⁸),
716 1591 754 1648 ut
782 1604 824 1649 ne
849 1572 950 1649 unum
969 1559 1102 1671 quidem

99 1702 275 1805 vestigium
296 1709 386 1765 extet
408 1695 491 1759 de'
470 1716 531 1774 us,
562 1713 670 1780 neque
700 1697 737 1758 in
763 1694 856 1760 libris
883 1692 1103 1782 Digestorum,

25 1792 32 1807 ⁰
103 1833 208 1898 neque
237 1806 372 1875 Codicis.
416 1803 525 1888 Quare
553 1802 641 1873 haud
660 1817 789 1887 gravate
810 1804 902 1887 dico,
929 1795 1107 1876 Jusuniani

103 1935 246 2008 ternpore
266 1917 383 1999 judicia
406 1915 644 2004 ,recuperatoris
665 1916 852 1981 abolevisse.
898 1913 974 1996 Quo
994 1933 1109 1991 autem

89 2044 249 2123 tempore
269 2027 375 2093 desint
395 2028 499 2114 primo
520 2035 766 2115 recuperatores,
789 2025 883 2087 certis
906 2035 1107 2106 argumentis

105 2146 239 2234 probare
271 2162 338 2207 non
364 2158 552 2227 possumus,
585 2141 759 2221 conjecture
777 2142 890 2221 tamen
907 2156 979 2201 rem
999 2143 1111 2228 expli.

108 2267 251 2319 caturum
271 2271 324 2317 rue
346 2250 499 2332 arbitror,
528 2246 572 2346 de¹
591 2269 655 2335 que
673 2250 739 2331 jam
758 2243 868 2332 paucis
889 2241 1055 2315 disseram.

191 2362 356 2435 Habemus
380 2370 631 2453 ‚recuperatores
663 2354 738 2441 (iaji
766 2365 911 2446 tempore
935 2354 992 2444 ⁹):
1035 2380 1114 2450 post

108 2532 304 2553 m

183 2646 260 2692 tores
285 2631 319 2685 de
345 2622 519 2709 possessione
541 2641 569 2684 et
594 2631 625 2687 in
643 2628 739 2687 litibus
754 2628 920 2703 indicavisse
930 2634 1113 2704 pecuniariis.

180 2724 216 2778 In
231 2722 313 2776 dictis
328 2721 472 2775 consentio
488 2722 614 2776 auctori.
630 2733 724 2795 tamen
741 2723 775 2778 de
790 2720 887 2777 iisdem
902 2723 987 2780 rebus
1000 2744 1115 2804 semper

180 2824 208 2867 st
222 2812 305 2866 unice
325 2808 425 2881 judicia
447 2814 661 2887 recuperatoris
676 2814 779 2883 iuisae,
801 2812 878 2887 quod
894 2825 991 2875 auctor
1005 2821 1114 2893 suadet,

180 2903 324 2963 diruentis.

115 2998 146 3065 ¹)
177 2993 251 3067 Μ.
267 2994 295 3052 J.
313 2991 347 3048 de
363 2992 398 3047 iis
416 2995 474 3068 qui.
508 2992 881 3054 t19.1>.esmanamtrc
895 2997 1012 3056 vindict.
1046 3002 1068 3058 i.
1087 3005 1115 3065 1.

178 3089 200 3146 i.
218 3085 244 3143 4.
262 3087 294 3143 C.
313 3084 348 3141 de
364 3086 466 3142 vindic.
484 3087 617 3152 libertat„
633 3087 683 3143 ubi
699 3078 804 3143 dictum
821 3098 863 3143 est
879 3086 914 3143 de
931 3088 1063 3159 coneilio,
1077 3095 1115 3150 ed

180 3181 336 3236 libertatem
363 3177 543 3233 adserendam
561 3187 675 3234 coactor
702 3179 734 3232 in
750 3196 808 3251 quo
824 3188 888 3234 ante
903 3195 1116 3254 recuperatores

182 3271 306 3330 adbiberi
324 3288 381 3325 esse
395 3269 511 3337 'solitos,
529 3273 609 3325 certis
626 3281 741 3342 apparet
755 3269 921 3327 testimoniis
940 3273 1003 3346 Gaj.
1018 3276 1051 3345 1,
1069 3278 1117 3333 20.

182 3364 247 3433 Uip.
266 3361 366 3432 fragm.
384 3362 406 3425 1,
424 3360 467 3416 13.
503 3360 621 3416 Sueten.
634 3360 749 3436 Vesper.
767 3379 792 3418 c.
806 3358 838 3419 ds
868 3360 958 3419 Erant
974 3376 1066 3422 eutem
1086 3370 1118 3424 in

184 3452 239 3508 boc
255 3450 376 3507 concilio
393 3452 491 3523 uiginti
508 3462 716 3524 recuperatores
734 3450 863 3508 collectis
886 3465 983 3511 atvero
1004 3469 1118 3517 tentum

182 3544 214 3596 in
230 3543 385 3613 provinciis
407 3543 462 3598 boc
478 3542 628 3601 concilium
647 3554 873 3617 recuperatorum
890 3556 964 3611 erat,
990 3548 1021 3601 in
1045 3551 1119 3607 urbe

10 3652 12 3656 ⁴
135 3699 137 3703 Α
183 3635 214 3687 in
230 3633 324 3697 eodem
343 3647 421 3690 erent
438 3636 548 3705 negotio
565 3634 690 3707 quinque
708 3636 831 3708 equites,
849 3646 877 3691 et
893 3638 1016 3711 quinque
1034 3656 1120 3698 sena.

182 3734 256 3779 tores
272 3725 436 3790 constituti,
454 3726 492 3784 ci.
511 3725 572 3794 Gai.
589 3724 612 3791 1,
629 3725 675 3782 20.
693 3716 759 3799 Uip-⁵
778 3726 879 3799 fragm.
897 3728 919 3797 1,
936 3727 979 3785 13.

118 3818 150 3884 ⁹)
178 3812 241 3885 Gai.
256 3816 305 3880 tv,
323 3812 366 3871 15.
384 3816 433 3883 IV,
451 3814 511 3875 141.
539 3814 642 3873 ibidem
660 3816 720 3874 109.
739 3816 805 3878 105.
