2400 4328
525 210 569 228 «-
615 182 676 244 148
719 219 778 233 --

147 360 271 437 fuisse3
292 371 378 424 nam,
403 348 471 411 etsi
485 351 581 411 unica
604 355 687 415 actio
710 375 750 423 ex
763 356 916 439 stipulatu
927 368 1024 435 esset
1047 368 1160 425 tamen

144 471 180 532 in
209 463 356 533 omnibus
387 460 491 522 bonae
520 457 596 522 fidei
625 465 838 526 contractibus
867 466 977 527 verbis
1011 474 1161 535 contrahi

143 588 277 668 poterat,
300 585 336 634 ut
358 567 530 633 dicendum
550 583 651 644 esset,¹
671 574 813 637 actiones
836 576 959 638 stricti
960 578 1043 654 juris
1064 581 1157 645 haud
1185 553 1192 573 ⁸

116 760 119 764 ¹
144 687 322 775 pauciores,
343 671 672 766 quam'bonae'fidei,
696 683 808 747 fuisse.

127 787 132 795 ⁶
226 793 268 858 Et
298 795 377 855 haec
406 812 480 855 mea
509 790 639 877 quidem
661 794 821 855 sententia
844 805 910 855 est:
942 795 1044 877 longe
1059 796 1170 859 aliter·
1196 818 1198 825 ·

145 908 201 971 alii
222 908 427 990 scripserunt.
448 900 550 963 Vario
573 886 662 964 enim
682 900 779 966 modo
798 903 842 962 ita
859 903 945 963 inter
963 924 1000 966 se
1021 902 1156 987 digressi

147 1032 241 1103 sunt,
271 1030 307 1079 ut
328 1018 359 1079 b.
383 1016 411 1081 f.
430 1010 568 1092 negotiis
591 1010 688 1074 modo
719 1013 812 1098 plura
842 1009 1017 1095 adderent,
1060 1039 1157 1104 quam

146 1142 275 1195 ueteres
306 1125 516 1212 scripserant,
544 1119 642 1218 modo
664 1135 817 1204 negarent
838 1123 879 1186 iis
902 1122 1051 1190 addenda
1074 1151 1155 1194 esse.

145 1239 269 1306 Eadem
298 1240 421 1300 ratione
449 1232 669 1337 dissenserunt
705 1233 746 1297 de
776 1235 891 1296 strictis
919 1234 1071 1321 judiciis,
1109 1264 1156 1316 ac,

55 1411 60 1421 ,
148 1373 220 1415 cum
243 1348 366 1412 nuliam
385 1350 453 1408 fere
474 1344 618 1424 regulam
639 1345 759 1408 scirent
781 1344 904 1423 deiis,
928 1357 964 1409 ut
984 1346 1078 1412 nullo
1099 1352 1160 1414 fir-

146 1485 201 1526 mo
224 1481 258 1522 ac
280 1457 385 1522 stabili
406 1451 618 1516 fundamento
639 1456 788 1528 subnixi,
812 1453 912 1523 modo
931 1459 1028 1535 hanc,
1050 1457 1157 1522 mods

147 1575 240 1638 illam
260 1569 419 1632 actionem
440 1565 540 1628 stricti
560 1560 639 1642 juris
661 1586 733 1628 esse
756 1566 1085 1645 contenderunt,sshuc
1106 1569 1153 1630 il-

148 1687 217 1763 luc,
246 1693 401 1764 tanquam
428 1676 557 1744 incertis
580 1677 641 1737 acti
663 1679 925 1763 tempestatibus,
948 1676 1157 1745 fluctuantes.

150 1794 293 1876 Cumque
307 1787 529 1854 Glossatomm
542 1787 694 1848 nonnulli
709 1784 749 1866 6),
773 1793 882 1854 omnia
903 1791 1034 1872 negotia
1055 1792 1161 1855 stricti

147 1905 228 1986 juris
250 1920 322 1964 esse
341 1896 500 1977 dicerent,
532 1900 665 1982 quaeb
688 1900 712 1960 f.
735 1874 874 1979 judiciis
882 1899 992 1964 addita
1014 1925 1087 1968 non
1107 1925 1161 1968 es-

150 2029 223 2084 sent
251 2018 276 2099 i.
299 2013 366 2077 28.
376 2007 437 2073 29
454 2006 486 2073 J.
515 2004 556 2070 de
585 2010 720 2073 actions
750 2009 844 2089 longe
875 2012 955 2073 ab
944 2013 985 2074 ris
1009 2011 1160 2080 discede-

149 2135 228 2195 bant
247 2123 459 2214 posteriores,
491 2131 527 2179 ut
548 2139 590 2181 ne
612 2141 696 2184 unus
718 2117 845 2205 quidem
863 2122 999 2206 scriptor
1025 2139 1160 2192 senten-

149 2246 230 2309 ti'am
252 2238 333 2301 alius
354 2233 518 2311 retineret,
541 2228 598 2293 sed
619 2251 711 2293 suam
732 2252 861 2316 prorsus
878 2232 1077 2300 cananiam·
1087 2258 1165 2323 pro·

152 2363 297 2440 poneret.
341 2345 381 2410 In
410 2367 449 2409 eo
476 2329 588 2406 tamen
606 2353 735 2404 versata
757 2356 806 2405 est
826 2324 969 2407 maxime
992 2344 1162 2411 doctorum

154 2461 341 2548 disputatio,
365 2467 402 2517 ut
423 2456 458 2516 in
477 2454 576 2545 variis
599 2451 785 2530 actionibus,
812 2450 852 2517 de
873 2450 990 2538 quibus
1009 2460 1162 2521 testimo-

153 2579 207 2640 nia
236 2570 403 2640 deessent,
447 2564 552 2641 longis
588 2561 772 2639 ambagibus
804 2577 1012 2649 quaererent,
1057 2568 1161 2633 bonae

121 2683 268 2769 add,
269 2699 311 2739 sn
334 2671 435 2736 stricti
454 2672 535 2749 juris
556 2670 694 2749 negotiis
716 2685 824 2736 essent
844 2673 1026 2758 addendae.
1067 2676 1161 2758 Quo·

152 2786 225 2856 n'un
245 2781 533 2872 perscrutationem
555 2801 785 2867 supervacuam
805 2784 867 2849 hoc
886 2762 958 2848 ldco
976 2784 1059 2851 duxi
1074 2788 1117 2872 ⁷).

130 2988 135 2997 ,
149 2968 350 2993 m

85 3092 88 3096 ’
138 3103 185 3173 ·⁸)
203 3098 265 3178 Hos
282 3111 378 3150 verius
395 3091 569 3147 Glossatores
585 3093 664 3162 ads.
682 3093 726 3152 28.
745 3094 773 3148 J
791 3091 824 3146 de
842 3095 946 3149 action.
965 3096 1111 3172 immuta

256 3188 342 3250 Emti,
358 3183 499 3250 conducti,
517 3185 642 3240 mandati
660 3186 835 3273 depositique

219 3281 385 3349 Pignora,
402 3276 558 3344 circundae,
575 3276 720 3334 communi
736 3294 790 3349 pro
808 3263 942 3346 socioque
1017 3264 1021 3271 ’

254 3369 338 3425 Dotis
355 3378 382 3423 et
399 3367 518 3432 heredis,
534 3370 644 3436 tutelae,
661 3367 816 3433 commoda,
834 3376 926 3439 gestor
963 3379 966 3389 ·

254 3458 438 3530 Praescriptir
456 3460 596 3525 verbis,
574 3478 597 3514 ιι
614 3469 712 3526 mutat,
725 3460 783 3513 siue
799 3457 901 3512 licetur
987 3472 992 3478 ·
1071 3526 1077 3535 ι

254 3557 308 3608 leta
325 3553 416 3606 bonae
431 3548 515 3607 fidei:
531 3545 706 3604 stricti'sunt
722 3559 813 3603 cetera
829 3549 908 3619 juris.
1010 3597 1016 3605 .

125 3665 129 3673 ·
152 3647 188 3720 ἲ)
214 3638 258 3702 ct.
276 3641 479 3715 disputationes
496 3639 632 3697 Bachovii
641 3641 679 3708 1),
697 3651 725 3695 et
740 3631 894 3711 ¹Boclrmeri
902 3638 939 3707 2),
956 3648 983 3693 et
997 3632 1106 3695 Gausii
1114 3641 1158 3710 dl:

219 3755 291 3810 quos
315 3735 345 3788 in
367 3733 467 3805 primia
486 3730 635 3787 laudarem.
670 3732 707 3786 Et
725 3732 822 3787 Vinnii
839 3729 923 3786 addas
939 3735 1160 3789 commentatio·

197 3879 200 3883 .
217 3845 268 3884 ner
279 3827 323 3896 d),
337 3833 366 3878 et
375 3822 541 3897 Guudlingii
551 3819 591 3899 5).
625 3823 717 3877 Etiam
727 3822 897 3881 Walchium
909 3821 946 3888 6).
959 3820 1114 3898 Cujaciunr
1124 3826 1157 3895 7),

217 3920 382 3975 Duarenunr
397 3912 438 3984 8),
455 3922 482 3967 et
498 3912 694 3984 Hoeplucrum
709 3914 740 3982 9)
758 3913 911 3969 contulisse
926 3913 1047 3985 juvabit.
1134 3914 1137 3920 '
