2400 4328
91 345 232 432 retur’).
246 382 290 396 —-
304 346 489 420 Remanent
508 346 617 433 itaque
639 343 826 433 inquirenda
849 344 932 409 duo:
957 348 1093 412 alterum

34 456 37 467 '
93 457 172 544 quid
192 456 305 539 judicis
327 458 503 544 postulatio
531 481 603 521 cum
635 470 834 522 sacramento
863 459 1015 537 haberet,
1057 475 1094 524 ut

92 570 197 653 quiret
217 579 327 635 auctor
347 566 491 649 nuncde
513 588 550 630 ea
571 568 726 645 scribere,
750 568 813 649 ‘ubi
833 564 874 629 de
894 584 1092 643 sacramento

91 674 262 741 dicendum
284 691 371 760 erat;
407 681 559 757 alterum,
588 679 733 764 quaein
756 675 957 744 condictione
977 681 1091 761 agendi

90 789 171 852 ratio
201 801 303 864 esset,
345 803 379 853 et
399 811 496 877 quam
518 791 557 853 ob
579 809 648 851 rem
677 790 713 851 iu
739 809 777 852 ea
806 785 905 866 judex
924 786 1091 867 judicaret.

281 1017 285 1026 ,
398 992 418 1019 x

161 1066 223 1107 cam
252 1053 407 1108 atrocitatis
430 1062 551 1117 ostentu,
575 1054 713 1198 novisxre
735 1052 892 1108 terroribus
915 1053 1091 1108 metuendam

159 1142 350 1207 reddiderunt.
384 1145 458 1203 Nam
473 1147 500 1200 si
516 1146 613 1217 plures
630 1143 661 1198 fo
694 1155 735 1212 ut,
756 1143 861 1215 quibus
877 1161 942 1198 reus
959 1155 1029 1199 esset
1045 1147 1092 1215 ju-

160 1234 276 1303 dicatus,
293 1237 388 1302 secari,
406 1239 431 1292 si
439 1237 549 1305 vellent,
565 1247 613 1292 aut
619 1236 717 1309 partiri
727 1253 832 1308 corpus
849 1234 952 1290 addicti
967 1237 1021 1289 sibi
1038 1234 1092 1290 bo-

158 1328 243 1379 minis
256 1329 472 1400 permiserunt.‘’
508 1328 586 1400 Quae
603 1327 700 1395 omnia
716 1328 756 1389 sic
768 1327 899 1382 brevibus
911 1327 1001 1381 verbis
1015 1345 1092 1382 com·

157 1417 306 1489 prehendit
322 1420 408 1491 Gajus
426 1419 653 1492 1V,21.=„,qui
673 1417 815 1487 ¹uindicem
840 1435 902 1471 non
917 1417 1013 1483 dabat,
1036 1419 1091 1473 do·
1122 1457 1123 1460 κ

156 1504 236 1563 mum
258 1509 410 1567 ducebatur
430 1512 464 1566 ab
488 1521 591 1577 actore,
616 1521 644 1567 et
668 1509 874 1566 vinciebatur.”
914 1510 1006 1564 Licuit
1022 1529 1090 1566 vero

130 1610 133 1615 '
158 1601 291 1656 obaerato
313 1621 363 1658 reo
379 1600 546 1676 paciscendo
570 1602 649 1658 litem
672 1603 812 1662 dirimere,
839 1597 868 1655 id
889 1601 967 1671 quod
981 1600 1091 1657 Gellius

143 1690 225 1761 dicit
242 1691 336 1748 hisces
367 1695 458 1762 „Erat
474 1703 567 1747 autem
584 1697 628 1768 jus
644 1696 750 1749 interea
774 1691 929 1764 paciscendi
939 1694 958 1721 '⁹
981 1691 1093 1760 Gellius

156 1781 228 1844 XX,
251 1783 275 1838 1.
292 1813 326 1828 -·
344 1784 448 1839 Eadem
465 1785 538 1839 ratio
556 1787 656 1857 agendi
672 1769 846 1840 reddebatur
860 1773 974 1837 inaliis
989 1803 1093 1855 perva-

59 1864 62 1869 ’
88 1894 91 1900 ·
155 1872 261 1945 riisque
276 1874 375 1941 rebus,
392 1874 548 1948 dequibus
565 1889 691 1949 accurate
708 1874 805 1931 scribit
822 1873 908 1944 Gajus
926 1872 980 1938 lv,
1003 1875 1039 1930 22
1056 1906 1093 1918 -

156 1961 200 2016 25.
217 1963 253 2019 ad
270 1983 367 2036 quem,
385 1985 452 2022 cum
469 1968 564 2022 omnia
580 1971 729 2041 perspicua
746 1965 810 2028 sint,
827 1963 962 2016 lectorem
978 1966 1091 2035 ablego.

156 2050 197 2108 At
214 2055 293 2112 licuit
309 2076 517 2131 nonuunquam
534 2059 708 2121 adversario,
735 2052 923 2107 manuni'sibi
943 2053 1095 2125 depellere,

157 2161 292 2218 agereque
318 2167 372 2222 pro
398 2169 444 2205 ae·
476 2149 551 2222 quod
578 2148 706 2220 alioquin
732 2145 849 2199 nonnisi
877 2142 979 2197 vindici
1002 2145 1094 2209 licuit

126 2236 243 2308 Gaius
261 2243 315 2306 w,
337 2241 388 2306 21,
404 2241 457 2307 24,
474 2242 517 2296 25.

91 2328 127 2398 ⁹>
151 2327 182 2382 ld
203 2348 267 2385 vero
285 2345 422 2404 arguunt,
427 2334 510 2390 rerba
528 2332 592 2399 Gaii
611 2329 666 2393 lV,
682 2328 737 2390 29;
762 2347 829 2384 nam
847 2329 887 2384 sic
904 2324 1015 2383 debuit·
1042 2348 1096 2394 „ex

123 2411 289 2489 omuibus
304 2437 397 2482 autem
413 2426 475 2480 istis
489 2424 581 2479 causis
597 2422 681 2476 certis
699 2405 790 2477 verbis
804 2423 906 2492 pignus
918 2417 1095 2490 capiebatur,

63 2553 65 2559 ,
159 2521 185 2566 et
205 2513 242 2569 ob
261 2515 288 2569 id
307 2517 449 2590 plerisque
465 2515 607 2588 placebat,
624 2504 699 2566 banc
715 2531 829 2584 quoque
847 2514 985 2567 actionem
1002 2500 1096 2580 legiti-

157 2623 234 2660 mam
249 2625 322 2664 esse:
347 2606 516 2680 quibusdam
531 2614 702 2660 autemnon
720 2604 863 2675 placebat,
879 2602 1097 2674 primumquod

103 2716 131 2747 ¹⁸.
158 2699 286 2768 pignoris
304 2700 398 2772 captio
416 2708 493 2755 extre
509 2699 554 2767 jus
569 2695 754 2768 peragebatur
770 2696 790 2748 i.
810 2713 834 2748 e.
851 2712 911 2748 nnn
929 2693 1002 2766 apud
1013 2695 1097 2748 Prae-

160 2797 261 2856 torem,
279 2776 447 2863 plerumque
463 2790 548 2845 etiam
564 2788 678 2844 absente
694 2787 869 2852 adversario,
887 2784 955 2840 cum'
968 2785 1097 2856 alioquin

158 2865 261 2952 aliquis
290 2881 389 2938 ceteris
428 2880 586 2937 actionibus
624 2898 684 2936 non
717 2879 798 2941 aliter
828 2879 871 2932 uti
899 2878 988 2942 possit
1016 2878 1098 2932 cet.·'

160 2973 245 3040 Quod
259 2973 426 3028 accuratiori
443 2971 565 3042 indigeat
583 2960 788 3044 explicatione,
812 2988 872 3024 non
889 2970 1015 3040 reperim
1042 2971 1098 3023 nisi

58 3101 60 3107 -
159 3072 379 3121 commemoratu
398 3063 516 3135 dignum
531 3081 675 3130 causeam,
693 3063 721 3116 id
742 3063 864 3118 voluisse
881 3072 1023 3116 auctorem
1039 3071 1098 3118 tra·
1130 3101 1133 3107 -

35 3177 39 3185 ·
139 3154 241 3221 dere,
269 3157 300 3211 in
323 3155 422 3226 quavis
447 3160 556 3221 actione
578 3155 718 3225 litigantes
734 3154 770 3209 ad
790 3155 954 3208 Praetorem
977 3153 1097 3208 venisse.

137 3288 140 3295 -
160 3246 245 3303 Nam.
258 3248 287 3299 in
315 3264 416 3302 manus
440 3248 589 3317 injectione
608 3247 751 3318 litigantes
774 3246 808 3300 ad
826 3232 988 3300 Praetorem
1004 3246 1098 3309 ivisse,

110 3378 112 3384 -
163 3336 250 3394 modo
274 3338 413 3399 diximus:
437 3338 529 3411 ,idque
552 3338 589 3393 de
611 3331 710 3404 iudicis
731 3338 934 3410 postulatione,
960 3353 1012 3389 nec
1038 3356 1098 3392 non

64 3483 68 3491 .
163 3429 342 3485 condictione
359 3430 412 3485 erit
430 3417 589 3486 dicendum.
630 3430 664 3486 In
689 3431 787 3486 ceteris
807 3431 873 3484 vero
892 3428 974 3483 rebus
989 3427 1020 3481 in
1037 3430 1100 3497 jure

160 3528 270 3576 tantum
288 3539 347 3578 esse
364 3534 474 3589 actum,
492 3522 582 3594 (quod
601 3523 653 3576 tibi
670 3521 835 3599 persuadeas
857 3520 949 3574 rerbis
966 3522 1100 3589 auctoris)

163 3613 265 3669 laisum
284 3624 333 3677 est,
351 3616 572 3687 quotiescunque
588 3598 668 3683 judex
686 3612 990 3686 pedaneus,judicavit;
1009 3612 1100 3666 idem-

159 3723 224 3775 que·
237 3692 426 3777 improbeitur
449 3707 626 3778 legissetione
650 3708 818 3777 perimimus
831 3705 1020 3772 injectionem.
1056 3704 1100 3758 Ex

80 3866 82 3870 Ι
161 3796 264 3867 quibus
282 3799 373 3852 causis
389 3799 517 3869 pignoris
536 3800 652 3872 capione
669 3808 813 3869 ageretur,
842 3797 944 3849 diserte
961 3797 1100 3867 scriptum
1118 3856 1121 3862 ¹

162 3901 203 3945 est
221 3910 236 3945 a
254 3890 325 3960 Gaio
344 3891 402 3957 lv„
425 3889 462 3943 30
610 3921 612 3925 π
896 3937 900 3945 .
986 3922 1015 3964 ι,
