2400 4328
546 104 676 225 9¹-ss
815 256 820 283 ·

59 336 109 404 Ac
129 332 170 398 de
191 328 250 396 illa
273 317 405 415 quidam
425 329 582 416 proxima,
606 328 646 394 de
667 331 728 395 hac
747 330 841 395 tertia
862 336 1060 421 paragrapho

60 445 232 515 dicendum
253 452 315 505 est.

415 599 417 603 ¹
511 641 539 723 1.
581 642 613 707 2.

54 831 58 842 ,
141 781 333 864 Antequam
363 782 474 838 tamen
504 772 546 837 da
577 771 692 855 judicis
721 773 954 858 postulatione,
986 777 1063 865 quid

58 893 223 968 santiam,
268 885 420 949 afferam:
465 880 612 962 adjiciam
651 904 751 969 pauca
792 882 834 946 de
883 886 1063 966 lagisactio-

62 1004 116 1066 ni's
139 1011 252 1064 aetate.
304 971 427 1061 iudicis
446 1004 557 1057 autem
577 991 829 1079 postulationem
849 997 1063 1077 austeriorem

66 1131 138 1175 esse
159 1108 378 1192 condictione,
409 1101 468 1169 Ga'
510 1105 615 1168 uerbis
642 1106 720 1168 satis
746 1106 914 1191 perspicue
939 1108 1062 1175 elucet:

68 1243 136 1285 cum
156 1219 292 1308 quidem
309 1220 381 1305 ipsa
407 1215 528 1279 mirum
555 1214 706 1294 haberet,
743 1215 975 1281 condictionem
1003 1241 1065 1285 no-

67 1353 136 1396 vam
151 1318 402 1413 ⁴legisac'tionem
418 1345 501 1406 esse,
524 1321 731 1412 adiceretque
746 1328 855 1390 omnia
874 1330 941 1407 jam
958 1340 991 1392 et
1009 1350 1065 1394 aa·

60 1418 216 1508 crementi
235 1438 441 1531 legisactions¹
463 1447 497 1500 et
517 1433 631 1516 judicis
651 1439 867 1524 postulatione
880 1440 990 1524 perfici
1005 1463 1065 1527 po-

56 1558 179 1619 tuisse:
223 1548 266 1613 de
296 1573 360 1636 quo
389 1550 480 1613 hisce
510 1549 683 1611 enuntiat
691 1544 750 1631 Σ1)
791 1571 923 1634 „quare
954 1565 1063 1619 auteur

56 1671 140 1732 haec
162 1663 249 1727 actio
270 1658 449 1724 desiderata
469 1658 523 1733 sit,
547 1679 620 1720 cum
640 1656 681 1721 (11
702 1677 753 1736 eo,
779 1659 864 1742 quod
880 1663 973 1725 nobis
994 1661 1063 1729 dari

56 1786 211 1864 oportet,
241 1767 441 1857 potuerimus
462 1778 678 1850 sacramanto,
716 1780 773 1830 aut
792 1790 850 1854 per
866 1750 980 1850 judicis
1001 1797 1063 1861 po·

57 1888 274 1976 stulationem
294 1897 410 1962 agera,
438 1877 536 1944 valde
556 1873 729 1965 quaeritur}
719 1873 758 1918 l”
811 1877 932 1945 confici
952 1898 1063 1953 autem
1120 1920 1124 1928 ·

54 1994 182 2065 exinde
201 1995 454 2083 licet'veteres
474 1989 510 2053 in
531 1989 573 2052 iis
593 1991 704 2069 rebus,
733 1988 774 2054 de
795 1995 909 2077 quibus
930 1998 1063 2079 posthac
1088 2044 1093 2053 .

57 2109 265 2192 condictione
287 2102 440 2182 agebant,
463 2098 497 2164 et
516 2102 707 2164 sacramenti
726 2103 933 2184 legissetione
953 2110 988 2169 e't
1006 2128 1064 2193 per

54 2206 178 2303 judicis
198 2212 451 2298 postulationem
470 2211 589 2292 egisse:
619 2233 760 2297 namque
782 2233 856 2275 cnm
875 2211 1066 2279 addubitan-

61 2343 120 2394 ter
149 2325 345 2408 inquireret,
376 2340 435 2383 nec
463 2321 677 2408 responderet,
713 2333 854 2408 prostat,
889 2324 1065 2389 nescivisse
1170 2391 1172 2396 .

10 2473 13 2481 ·
58 2456 147 2508 eum
175 2432 336 2530 rationem
362 2433 409 2495 rei
435 2432 652 2519 explicandae.
704 2430 798 2514 Quae
828 2452 900 2496 cum
921 2431 967 2494 ita
987 2434 1064 2515 sint,

59 2564 100 2620 ut
120 2541 405 2634 brevitendicam,
418 2539 467 2609 da
487 2545 678 2607 sacramenti
699 2544 906 2626 legisactione
926 2555 960 2607 et
979 2543 1067 2624 judi·
1128 2602 1131 2612 ,

61 2666 106 2729 cis
121 2657 345 2748 postulatione
359 2654 479 2719 dicturo
500 2642 661 2743 nullaest
682 2657 745 2747 alia
763 2657 919 2740 quaestio,
942 2656 1006 2721 nisi
1027 2656 1069 2722 da

62 2772 167 2862 priori
188 2788 292 2853 usque
313 2787 438 2853 quaque
458 2768 584 2830 ratione
602 2763 813 2849 dijudicandi,
835 2765 876 2831 de
898 2789 962 2871 qua
982 2791 1068 2833 nunc

67 2881 245 2948 accuratius
266 2877 351 2940 mihi
370 2875 495 2941 dicendi
514 2879 609 2941 locus
626 2879 697 2941 erit.

150 2992 201 3058 At
222 2989 406 3076 quaerimus
427 2987 468 3051 da
488 2990 624 3067 ratione,
648 3007 711 3073 qua
730 2987 788 3049 illo
809 2988 880 3051 loco
902 2985 942 3049 de
961 2946 1068 3065 judice

66 3095 212 3173 docuerit
233 3098 345 3181 Gaius.
380 3092 427 3161 Id
445 3099 652 3184 persuadebit
672 3109 798 3177 auctor,
820 3099 856 3160 in
878 3076 1068 3162 sacramenti

15 3258 18 3263 -
67 3216 276 3296 legisactione
294 3211 482 3276 Praetorem
501 3208 680 3291 judicasse:
708 3213 778 3287 ejus
800 3210 887 3273 enim
906 3205 1067 3292 meminit,
1138 3210 1141 3214 ’

71 3336 107 3390 et
133 3332 205 3389 cum
233 3322 286 3410 de,
303 3319 516 3389 vindiciarum
544 3320 651 3418 reteri
679 3319 803 3385 ratione
830 3334 1006 3410 exponeret
1028 3320 1069 3408 ²)

67 3487 274 3508 m

10 3624 13 3633 ·
70 3588 102 3656 ¹)
124 3586 215 3655 Gaius
232 3583 288 3650 tu,
304 3549 373 3639 20(

71 3700 105 3769 ²>
122 3699 169 3755 Cf.
187 3705 335 3752 auctorem
351 3695 393 3752 tv
400 3737 408 3761 ,
425 3697 469 3751 16.
488 3696 537 3751 ubi
553 3687 639 3752 verba
656 3694 723 3751 haec
740 3705 821 3751 sum:
847 3713 938 3766 „tum
953 3705 1070 3768 uterquc
1118 3682 1119 3686 ¹

137 3789 326 3854 vindicasset,
353 3787 470 3840 Praetor
494 3789 612 3856 dicebat,
638 3790 738 3842 mittite
761 3789 845 3842 ambo
862 3787 1027 3842 hominem'l
1046 3798 1073 3844 et

138 3880 262 3953 posthae
277 3880 383 3934 ibidem
400 3890 517 3950 „postea
535 3881 650 3934 Praetor
667 3881 821 3934 secundnm
838 3882 957 3934 alterurn
975 3896 1073 3935 11111111
