2400 4328
485 177 789 241 ’.ς-Ὠ...

162 372 250 433 rem,
284 349 346 414 em
367 347 600 413 veristmouma
621 349 673 428 sn,
706 316 817 413 nmen
837 351 872 435 n
892 351 1039 432 ambiguo
1060 352 1162 415 serta·
1193 422 1195 427 ,

163 479 261 544 quero
283 457 387 533 malo,
424 477 519 540 quam
541 457 718 534 affirmare,
754 478 797 520 ne
826 459 878 521 cui
906 457 1016 523 ridear
1039 471 1161 525 temero

159 569 346 632 affirmasse.
816 604 830 646 4

245 675 310 742 Sed
330 678 438 740 missis
459 678 512 740 his
533 678 666 763 aliisque
686 680 721 747 in
743 669 867 743 rotam
887 677 995 760 dubia,
1017 683 1084 758 jam
1102 675 1161 753 ad-

152 787 254 867 dam,
285 799 439 873 quantum
468 792 647 866 conjectura
676 791 805 875 assequi
832 803 963 876 potero,
1000 790 1056 854 de'
1070 812 1161 854 com·

159 892 258 962 muni
274 900 448 984 utriusque*
461 898 569 978 judicii
589 902 725 964 ratione.
769 896 809 962 Id
830 902 927 982 igitur
948 904 1073 981 sentio,
1105 923 1160 987 sa-

103 1050 106 1056 ι
158 1010 312 1074 oramenti
341 1010 508 1081 rationem,
531 1022 598 1073 tam
641 1013 677 1074 in
713 1013 918 1093 legissetione
955 1015 1156 1092 sacramenti,

159 1140 257 1206 quam
276 1121 312 1183 in
332 1118 446 1198 judicis
467 1121 683 1207 postulatione
699 1124 815 1204 fuisse,
837 1145 905 1202 seu,
929 1135 966 1185 ut
986 1124 1058 1185 aliis
1080 1143 1159 1185 rer-

159 1233 209 1296 bis
230 1228 344 1310 dicam,
367 1240 565 1294 sacramento
586 1244 621 1295 et
641 1243 716 1297 anto
736 1233 932 1312 Praetorem,
955 1244 989 1296 et
1009 1244 1082 1295 ante
1104 1238 1158 1320 lu?

111 1340 115 1348 ’
158 1341 263 1407 dicem
284 1339 487 1404 contendisse
508 1343 694 1424 litigantes,
724 1343 861 1409 eandem
889 1366 967 1408 vero
995 1342 1158 1406 rationem

112 1529 117 1537 ἡ
156 1453 254 1520 modo
274 1474 333 1517 suo
354 1453 488 1516 nomine
508 1473 528 1514 a
549 1466 768 1534 sacramento,
809 1440 906 1519 modo
937 1453 1081 1534 ajudice
1105 1454 1158 1517 di-

157 1578 252 1630 ctam.
307 1561 356 1626 Ac
377 1554 563 1627 consuetam
585 1567 775 1626 sacramenti
795 1586 934 1651 poenam
961 1567 997 1642 in
1027 1564 1155 1644 judiciis

148 1674 292 1764 ‚pedanei
313 1671 426 1753 judicis
448 1672 560 1737 adsero
581 1672 754 1753 adlectam,
778 1687 814 1738 ut
836 1677 961 1739 nullum
983 1652 1156 1738 discrimen
1175 1658 1197 1703 ‘⁵

155 1787 318 1849 actionum
346 1797 486 1868 prostat,
519 1785 601 1861 nisi,
635 1797 671 1846 ut
698 1791 870 1868 proposui,
910 1789 991 1850 varii
1026 1772 1166 1864 judicis..

154 1896 263 1977 Quare
285 1891 515 1980 quidem-GaJo
536 1899 662 1977 poterat
682 1897 789 1957 visum
810 1917 891 1974 esse,
915 1917 949 1957 se
966 1919 1049 1958 nuuc
1066 1896 1155 1960 haud

154 2022 278 2074 temere
299 2004 475 2084 dicturum,
508 2025 580 2067 cum
599 2007 666 2080 jam
688 2000 818 2065 adderet
847 2002 887 2065 de
913 2002 1017 2080 judice
1039 2026 1153 2087 pauca,

154 2119 195 2184 de
216 2117 329 2183 eadem
351 2113 480 2197 quidem
503 2114 693 2177 sacramenti
714 2131 819 2199 poena
834 2114 1033 2176 scribentem.
1058 2112 1157 2191 Quae

152 2232 202 2296 uti
222 2225 369 2315 exposui,
392 2244 434 2287 ne
454 2219 552 2289 nimis
573 2204 745 2296 temeraria
765 2229 952 2304 conjectura
964 2243 1018 2288 me
1040 2219 1157 2307 dispu-
1192 2310 1195 2317 Ι

152 2355 239 2406 tasse
259 2351 372 2426 putes:
401 2334 498 2402 haud,
511 2332 640 2414 dubito,
665 2336 742 2422 quin
763 2335 797 2397 id
818 2337 1003 2400 certissimis
1024 2354 1060 2396 ac
1079 2324 1155 2418 pla'·
1195 2390 1198 2397 .

151 2447 295 2520 nissimis
316 2460 463 2514 veterum
483 2448 679 2510 testimoniis
701 2446 914 2511 adserendum
942 2450 1006 2527 sit,
1044 2450 1159 2535 sacra?

100 2595 101 2598 ¹
151 2574 300 2629 mentum
322 2535 410 2622 enim
429 2555 529 2637 illud,
553 2550 639 2642 quod
659 2559 753 2623 unice
771 2557 940 2643 proprium
960 2556 995 2618 in
1015 2554 1152 2635 lagisac-

150 2675 239 2738 tione
255 2668 449 2734 sacramenti
476 2668 578 2729 suissa
605 2681 639 2731 et
666 2672 788 2731 nornen
818 2667 948 2745 doceat,
986 2677 1019 2728 et
1051 2664 1151 2744 Gajus

150 2786 193 2851 sit
213 2783 307 2847 testis
328 2777 554 2860 gravissimus,
584 2781 730 2864 lectoque
757 2777 862 2858 judico
882 2776 922 2840 ad
943 2775 1150 2855 judicandum

153 2881 257 2960 fuisse¹
273 2891 400 2973 datum,
433 2890 550 2955 eodem
572 2888 653 2970 Gajo
675 2901 820 2970 auctore,
853 2888 956 2975 cuivis
975 2885 1151 2974 persuade-

151 3009 248 3074 bitur.
290 3001 410 3068 Dicens
431 3005 520 3067 enim
540 3001 581 3064 de
599 2999 704 3082 judice
726 2999 851 3081 dando,
886 3021 945 3086 per
975 3017 1010 3060 se
1036 3009 1151 3083 patere
1179 2986 1198 3039 -’

151 3121 206 3198 ait,
228 3126 461 3183 sacramentum
475 3126 508 3178 et
523 3112 628 3195 judice
647 3111 808 3194 judicante
818 3121 1016 3197 consuetum
1037 3110 1150 3185 fuisse,
1196 3180 1198 3185 A

150 3250 210 3296 nce
231 3210 396 3294 summanr
415 3231 483 3308 ejus
505 3225 624 3304 aliam,
661 3224 727 3290 nisi
754 3235 811 3291 aut
831 3219 1150 3309 quinquagenariam,
1196 3286 1198 3291 ,

151 3352 209 3407 sut
229 3315 489 3425 quingenariam:
513 3355 591 3398 usus
612 3334 744 3420 quidem
763 3336 853 3398 hisce
875 3331 982 3397 verbis
1004 3340 1072 3391 est:
1196 3314 1199 3343 ³

193 3448 307 3532 „illud
327 3471 347 3514 e
367 3447 586 3535 superioribus
607 3448 827 3526 intelligimus,
851 3445 879 3506 si
894 3440 934 3504 de
951 3462 985 3504 rs
1002 3441 1160 3517 minoris,
1196 3524 1199 3539 Ι

193 3560 337 3648 quamM
354 3561 435 3622 aeris
458 3561 622 3640 agebatur,
643 3556 916 3642 quinquagenario
939 3563 1151 3631 sacramento,
1196 3558 1199 3563 '

135 3716 139 3733 .
193 3693 259 3736 non
280 3661 489 3756 quirigeuario
512 3664 704 3734 contendere
726 3665 866 3733 solitos’'
892 3661 934 3748 ⁵).

147 3799 346 3824 *nu——

152 3900 187 3970 ⁸)
207 3900 291 3968 Galus
309 3897 365 3964 lV,
386 3895 427 3956 15,
479 3856 481 3861 '
