2400 4328
434 178 440 193 ’
513 185 675 269 ,7:16
727 219 770 236 -

203 376 206 380 ’
232 360 293 425 His
315 369 423 431 autem
446 358 522 420 satis
531 401 543 433 ,
571 368 669 441 puto,
700 344 957 422 demonstratum
979 372 1048 441 est,
1070 331 1176 449 poe·¹

151 492 228 536 nam
247 468 438 533 sacramenti
457 488 524 528 non
544 468 580 529 in
601 489 666 530 una
695 470 887 532 sacramenti
913 471 1058 551 actione,
1098 471 1160 538 sed

152 595 185 650 ct
211 588 278 663 jam
305 580 342 640 in
368 560 484 656 judicis
512 574 651 662 pedanei
680 576 799 657 judicio
829 577 1010 644 adhibitam
1040 584 1161 662 fuisse,

151 691 336 781 quod'sine
363 687 584 777 postulatione
615 687 729 770 judicis
751 710 823 752 esse
845 712 911 756 non
933 674 1060 778 poterat
1085 694 1157 778 ¹⁴).

150 803 264 887 Neque
284 801 402 862 obsunt
423 811 627 878 argumenta,
654 796 733 884 quin
757 820 963 881 censeamus,
993 798 1160 872 auctorem

151 931 237 977 nunc
259 906 303 991 de
332 903 446 985 judice.
467 904 557 971 haud
584 904 817 974 inconsiderate
839 906 1078 995 disputavisse,
1119 913 1159 980 de

145 1029 348 1088 sacramento
368 1017 569 1084 scribentem.

521 1208 528 1221 ·
601 1214 700 1296 aa.

234 1350 328 1436 Quae
348 1336 504 1415 hactenus
524 1371 545 1412 a
563 1370 621 1412 ⁴me
638 1346 801 1436 disputata
821 1365 916 1436 sunt,
946 1343 984 1419 ut
1004 1365 1156 1419 veterum

149 1462 340 1552 scriptorum
367 1460 584 1540 testimoniis,
621 1456 727 1546 quoad
757 1473 920 1547 poteram,
961 1460 1155 1527 sacramenti
1190 1530 1193 1535 ,

62 1606 69 1622 r
149 1585 289 1664 poena‘m
318 1573 355 1636 in
381 1570 494 1652 judicis
525 1572 794 1660 postulationibus
828 1574 930 1636 fuisse
960 1575 1154 1644 evincerem.
1184 1620 1190 1633 ,

149 1685 319 1769 Sequitur,
342 1695 379 1746 ut
399 1689 466 1764 jam
488 1682 530 1748 de
548 1680 749 1747 condictione
773 1681 1012 1765 admoneamus,
1034 1685 1071 1749 in
1091 1706 1169 1770 qua*

148 1793 287 1876 judicem
307 1795 468 1876 litigantes
489 1798 651 1882 accepisse
677 1797 744 1872 jam
771 1792 1006 1863 adnotavimus.
1059 1794 1155 1876 Quae
1188 1796 1196 1803 ''

145 1908 230 1976 actio
242 1903 448 1992 quidhabeat
463 1922 715 1991 commonacum
731 1899 846 1978 judicis
861 1906 1090 1988 postulatione,
1118 1906 1160 1975 in.

1073 2037 1187 2101 qua-.

55 2136 67 2171 7
151 2151 351 2176 nnn—uun...
365 2159 368 2164 -

145 2255 199 2327 ι4’)
221 2253 322 2310 Obiter
338 2240 485 2314 moneam,
508 2237 684 2320 sponsiones
700 2246 981 2321 resdpulaticnesque
996 2245 1165 2310 Iustiniani·

216 2359 345 2418 tempore
361 2360 420 2415 esse
436 2342 618 2406 inveteratas,
647 2350 676 2396 at
699 2342 794 2411 locum
810 2342 927 2402 retinuit
944 2339 1089 2413 stipulatio
1107 2343 1156 2413 ju-

185 2451 187 2455 ·
216 2440 340 2494 dicatum
357 2434 446 2500 solvi,
468 2429 503 2486 de
519 2450 574 2505 qua
596 2432 686 2502 Gaius
708 2433 763 2495 IV,
787 2431 832 2490 91.
855 2433 999 2499 meminit,
1025 2449 1094 2486 cum
1118 2433 1155 2488 dc

215 2512 451 2584 satisdationibus'
460 2523 630 2593 litigantium
654 2523 809 2579 dissereret.
849 2526 964 2580 Poterat
987 2523 1064 2578 enim
1082 2510 1154 2596 poe·
1178 2520 1181 2529 '

110 2685 112 2689 .
214 2637 269 2674 nae
286 2621 396 2671 summa
414 2612 566 2686 sponderi,
589 2624 638 2668 aut
654 2615 721 2668 satis
738 2614 808 2669 dari.
849 2615 908 2672 Nec
924 2617 1019 2673 tamen
1036 2616 1153 2682 silentiu
1186 2666 1196 2689 Ἰ

212 2708 449 2783 praetermittam,
473 2704 594 2760 liberum
612 2703 698 2760 fuisse
714 2706 860 2776 agentibus
882 2709 1048 2775 arbitrium,
1078 2724 1154 2762 num
1185 2696 1196 2723 '¹

111 2846 114 2853 ,
157 2794 184 2840 Ἳ
213 2801 328 2867 vellent,
350 2808 378 2853 et
401 2815 555 2869 quamnam
568 2801 679 2870 poenae
696 2815 836 2854 summam
854 2800 1042 2872 sponderent:
1069 2798 1153 2870 quod
1192 2802 1196 2877 ζ

160 2935 162 2941 ,
212 2891 286 2948 haud
313 2890 389 2958 scio,
419 2906 457 2944 an
484 2906 544 2944 non
578 2891 683 2945 rectius
707 2889 889 2960 affirmarim,
923 2910 987 2948 cum
1013 2890 1053 2944 de'
1072 2900 1153 2947 certa
1179 2890 1196 2907 ''

81 3028 84 3032 ,
112 3035 140 3059 ,λ
176 2970 179 2979 ¹
213 2974 322 3041 summa
339 2981 524 3053 sponsionum
541 2999 557 3035 a
575 2981 1150 3057 veteribusffnihilscriptuminveniamus.
1194 2990 1196 2995 '

212 3076 356 3130 Praeterea
373 3073 457 3127 aliam
483 3090 622 3125 summam
647 3073 764 3144 legimus
788 3075 928 3146 litigantes
951 3074 1149 3149 spopondisse,
1193 3086 1196 3117 ῑ

211 3184 296 3236 quam
313 3165 464 3234 legitimam
482 3172 610 3236 tempore
627 3165 740 3235 quidem
757 3166 977 3236 legissetionum.
1018 3163 1065 3222 Cf.
1086 3167 1150 3237 Gaj.
1191 3148 1196 3195 3

211 3256 327 3321 litet:
345 3258 388 3324 „si
406 3254 503 3320 borno,
521 3273 578 3328 quo
597 3254 630 3309 de
646 3256 748 3326 agitur,
765 3276 797 3312 ex
816 3260 875 3328 jure
890 3243 1047 3330 Quiritium
1064 3277 1148 3312 meus

212 3360 263 3415 est,
282 3348 423 3402 sestertios
449 3347 529 3405 XXV
558 3365 690 3401 nummos
709 3347 774 3402 dare
801 3351 960 3419 spondesl’?
1006 3350 1148 3419 Legitima

210 3442 395 3512 enimpoena‚
413 3438 489 3515 side
507 3438 633 3494 libertate
649 3438 773 3494 hominis
791 3443 984 3500 controversia
1000 3451 1067 3507 erat,
1086 3450 1148 3496 erat
1194 3438 1196 3447 '

208 3533 312 3587 assium
330 3520 487 3602 L.t3aj.1v‚
504 3530 548 3587 14.
568 3529 646 3600 Quae
662 3549 707 3584 res
724 3531 755 3583 iu
772 3549 855 3587 causa
873 3535 958 3590 fuisse
976 3533 1096 3599 videtur,
1115 3542 1148 3586 ut
1189 3542 1192 3547 '

209 3623 332 3677 Romani
348 3624 515 3678 sacramenti
530 3640 653 3694 poenam
669 3624 874 3698 relinquerent,
897 3624 1062 3699 praesertim
1079 3642 1147 3679 cum

120 3749 122 3753 ·
206 3713 239 3770 ea
259 3716 289 3768 in
311 3715 449 3770 aerarium
473 3714 589 3783 cederet.
635 3716 679 3768 An
708 3733 892 3790 vcropoena
919 3717 1088 3772 sacramenti
1113 3712 1165 3770 in'

208 3807 342 3862 omnibus
360 3806 472 3877 judiciis
487 3806 607 3876 legitima
626 3807 722 3875 fuerit,
739 3825 776 3862 an
793 3828 872 3866 secus
890 3808 1054 3875 dicendum,
1067 3807 1147 3866 baud

106 3939 110 3947 .
207 3909 311 3955 temere
327 3899 524 3973 praestiterim.
805 3903 813 3908 “
