2400 4328
551 187 693 254 ...10
744 222 788 238 ...-

162 362 301 450 aliisque
315 359 407 446 locis,
421 358 463 425 de
472 357 669 432 bacrsmenti
684 346 889 444 legissetione
900 359 1067 442 exhibens.
1090 361 1167 429 tam

162 470 280 548 exinde
300 472 389 536 haud
411 472 630 560 improbabilis
644 472 683 535 iit
700 477 890 553 conjectura,
902 451 1072 538 ¹actionem
1089 487 1167 540 anta

129 582 132 587 ’
160 585 346 651 Praetorem
362 604 433 648 esse
447 584 635 648 sacramenti
648 583 890 666 legisactionem
903 581 1029 666 dictam,
1043 598 1077 648 et
1089 587 1166 649 nul.

158 683 608 759 lamaliamfuisserationem
621 693 657 758 in
672 698 742 775 jure
751 693 875 776 agendi,
894 694 957 758 nisi
972 697 1165 760 sacramenti

160 805 330 870 actionem.
343 801 380 885 *l
422 803 506 869 Nam
526 825 631 890 neque
651 807 687 869 in
705 808 848 892 pignoris
876 807 1024 892 capione,
1056 827 1165 894 neque

157 936 275 982 manus
295 914 466 994 injectione
482 915 658 981 aPraetore
670 916 865 998 judicatum,
886 915 984 980 modo
1000 927 1165 981 monstra-
1194 908 1196 917 ’

157 1030 211 1109 vi3
243 1023 332 1088 ilem
362 1027 404 1093 de
430 1017 543 1109 judicis
571 1031 788 1115 postulatione
815 1039 849 1092 et
876 1024 1076 1093 condictione
1106 1049 1163 1094 me

157 1159 252 1226 spero
273 1140 478 1224 perspicuum
498 1136 649 1203 daturum
669 1160 761 1222 esse3
789 1150 827 1202 ut
855 1127 1028 1219 senserim,
1062 1163 1162 1208 omne
1191 1164 1195 1169 ·

61 1239 63 1243 ’
156 1249 332 1322 discrimen
346 1249 432 1314 inter
447 1251 638 1314 sacramenti
657 1251 897 1333 legisactionem
910 1259 943 1312 et
961 1248 1076 1329 judicis
1098 1276 1160 1339 po·

139 1351 363 1425 ‘etnlationem
384 1357 424 1421 ad
442 1363 566 1424 variam
585 1359 748 1442 judicandi
767 1343 927 1424 rationem
949 1362 1156 1446 pertinuisse,

65 1490 67 1495 ·
155 1481 192 1534 nt
213 1464 400 1556 quidem'in
417 1471 623 1551 legissetione
645 1475 836 1536 sacramenti
857 1491 876 1533 a
896 1471 1048 1535 Praetore
1069 1465 1157 1551 judi-

155 1588 263 1644 ratum
284 1577 346 1658 sit,
378 1591 490 1642 contra
511 1599 530 1641 a
550 1578 656 1660 jndice
676 1573 713 1644 in
733 1581 940 1661 legisactione
960 1603 1020 1663 per
1039 1581 1163 1661 judicis.

152 1689 415 1776 postulationem.
457 1685 559 1774 quue
580 1690 663 1752 mihi
683 1688 877 1775 persuadeo,
906 1688 1018 1769 judicis
1040 1704 1156 1774 postu·

152 1801 306 1861 lationem
328 1799 369 1862 ad
390 1799 499 1861 omnia
519 1800 648 1880 negotia
668 1799 879 1880 referendam,
902 1802 937 1861 in
952 1800 1067 1884 quibus
1082 1821 1156 1864 ma-

28 1924 37 1944 ‘
152 1910 300 1991 gistratui
319 1907 474 1994 placuerit
503 1906 644 1988 judicem
670 1906 764 1986 dare,
801 1919 851 1996 et,
878 1900 992 1992 ⁴primo
1021 1909 1155 1994 quidem

150 2013 297 2107 tempore
324 2038 397 2083 eam
425 2015 514 2080 haud
542 2037 633 2080 secus
662 2015 704 2080 ad
728 2015 837 2080 omnia
857 2017 988 2096 negotia
1008 2022 1156 2102 pertrahi

37 2180 39 2184 -
151 2128 369 2218 repperisse,
395 2141 428 2193 et
450 2130 642 2216 oportuisse.
682 2118 692 2133 ’

234 2283 310 2350 Plus
337 2298 436 2372 puto,
477 2284 669 2413 aPraetpre
698 2279 807 2346 omnia
833 2264 967 2360 judicari
995 2277 1153 2367 potuisse,
1196 2338 1198 2347 .

150 2487 354 2517 -.-·---·-
380 2500 383 2507 ·

204 2651 355 2710 vindicias
372 2652 494 2708 dicebat
495 2657 504 2685 ’
524 2663 551 2707 et
567 2661 653 2723 tum,
654 2612 734 2715 ,alios
751 2655 843 2702 autem
860 2644 1006 2719 praedes'
991 2666 1051 2721 rpse
1067 2649 1154 2706 Prae·

217 2755 265 2799 tor
281 2743 316 2798 ab
334 2753 456 2817 utroque
471 2743 624 2818 accipiebat
640 2739 823 2796 ornamenti?
826 2737 887 2792 ’.cf
903 2739 1153 2812 Gaiule,1d..

220 2834 415 2914 „praedesque
432 2855 465 2892 eo
482 2837 598 2891 nomine
614 2831 741 2890 Praetori
757 2829 941 2895 dabanturffl
995 2836 997 2841 ’

146 2982 184 3055 1’)
218 2981 330 3052 Quibus
356 2980 460 3037 linibus
485 2981 552 3039 hacc
575 2980 717 3054 legissetio
739 2978 886 3034 limitanda
908 2980 963 3047 sit,
995 2979 1073 3065 valde
1097 2980 1154 3035 du-

216 3071 297 3137 bium
320 3083 373 3128 att.
422 3073 593 3129 Dubitanter
623 3073 799 3147 quaerimus,
823 3070 856 3125 ad
879 3088 1018 3144 quaenam
1039 3074 1165 3142 negotia>

108 3167 109 3172 ’
217 3165 275 3234 ejus
300 3181 406 3218 nomen
430 3167 612 3238 pertinuerit,
637 3163 824 3228 antander,
848 3164 879 3216 in
905 3164 1042 3236 quibusa
1068 3165 1152 3217 Prae·

166 3312 169 3318 ,
213 3262 283 3309 tore
311 3242 445 3326 judicium
475 3257 622 3314 serendum
653 3266 734 3322 erat,
778 3271 814 3308 an
837 3252 959 3326 prorsus
988 3254 1023 3310 ad
1054 3256 1153 3310 omnia

194 3346 346 3417 ‚negotist
379 3357 409 3402 at
431 3367 477 3414 ca,
513 3367 584 3424 quac
607 3349 638 3403 in
662 3351 723 3419 jure
737 3347 965 3423 peragebantur,
999 3357 1152 3418 antequam

216 3437 335 3493 Praetor
357 3438 491 3509 judicium
514 3441 602 3498 daret.
629 3438 731 3495 vAnne
754 3439 789 3494 ad
820 3443 850 3494 in
873 3442 1014 3511 integrum
1036 3440 1154 3494 restitu-

79 3539 104 3560 ’·
192 3517 322 3596 'tionem
353 3527 479 3588 dationes
495 3534 720 3606 possessionum,
747 3531 928 3604 adoptiones,
962 3533 992 3585 in
1015 3533 1075 3602 jure
1092 3549 1153 3585 ces·

190 3666 195 3674 .
215 3619 323 3690 tiones,
340 3620 591 3697 lemancipationea.
630 3626 739 3680 Forsan
756 3623 811 3679 hoc
829 3625 943 3678 nomine
959 3623 1052 3690 omnis
1076 3622 1152 3677 actio

197 3713 246 3791 iu
270 3714 330 3782 jure
356 3716 618 3789 comprehendenda
641 3727 697 3785 est,
733 3735 797 3773 cum
828 3715 1016 3787 legissetionia
1045 3731 1154 3777 nomen
1192 3716 1193 3723 ’

181 3856 184 3860 ,
213 3803 248 3860 de
265 3804 300 3859 iis
317 3805 418 3872 rebus,
442 3824 514 3880 quae
539 3828 600 3866 non
624 3808 781 3882 injudicio
799 3809 1018 3882 peragebantur.
1052 3807 1153 3863 novia-

46 3931 49 3939 .
95 3972 100 3981 Ι
137 3930 140 3935 ,
216 3897 289 3955 uano
307 3904 434 3971 tempora
451 3902 583 3976 supersit.
