2406 4328
420 156 725 243 -tra-‘

59 374 91 420 m
121 366 236 416 mucre
256 367 276 413 e
296 346 405 413 subin
431 346 586 426 accub,
616 366 677 413 nec
704 330 913 430 stitutum,
940 362 1026 427 stunc

59 470 216 531 tuuclom
244 456 491 547 perversissime
510 474 583 520 esso
603 452 815 547 dispututum,
843 460 1028 557 dictumque

59 576 124 643 nis
142 571 268 651 obiter,
300 564 461 655 siquidem
488 563 530 630 ad
548 564 672 667 judicis
683 564 885 659 privatorum
903 572 1030 665 partae·

59 686 170 755 indum
190 700 333 747 comeus.
379 674 469 760 Quid
494 676 585 741 enim
612 676 734 759 judices
761 678 932 769 habuerint
956 706 1029 755 cuns

59 802 121 865 bns
150 795 193 859 eb
213 790 362 856 hostibus
381 787 558 875 perceptis,
587 788 739 876 equidem
766 812 833 865 non
861 790 1028 880 intelligor
1062 869 1066 875 ¹

78 918 160 999 puto
179 922 309 969 mecum
329 897 455 964 nescire
473 916 599 979 omnes,
621 900 678 986 qui
701 920 768 965 non
787 898 885 968 nudis
904 911 1031 989 conjec-

59 1022 110 1086 uis
139 1038 177 1082 se
197 1012 292 1094 dant,
324 1010 524 1097 nimiumque
552 1010 700 1075 tribuunt
723 1010 872 1095 ingenio.
915 1012 968 1085 De
986 1020 1029 1087 iic

59 1128 163 1194 sidem
179 1126 217 1191 in
236 1117 460 1186 centumvirali
478 1116 598 1201 iudicio
617 1123 670 1202 jus
690 1118 812 1191 dictum
833 1146 924 1209 esse,
944 1140 1031 1199 certe

59 1260 127 1309 amo
144 1237 207 1305 erit
223 1243 293 1299 tum
314 1230 462 1316 ineptus,
492 1228 549 1316 qui
568 1229 748 1299 contendat.
771 1266 815 1284 ···
834 1222 911 1319 Quo
930 1234 1031 1308 etism

59 1372 102 1416 ιω
122 1342 201 1414 satis
221 1343 316 1411 credo
335 1340 536 1429 reprobatam
555 1341 598 1407 iri
616 1362 692 1408 eum
710 1346 917 1429 sententium,
933 1368 1031 1437 quum

59 1480 126 1549 rpru
144 1458 261 1540 rejeci,
294 1475 368 1520 cnm
395 1451 609 1538 disputarem,
637 1454 766 1520 hastam
785 1474 850 1521 non
870 1460 969 1547 pdsse
987 1458 1031 1528 ad

59 1592 138 1638 meas
164 1564 412 1634 centumvitales
438 1563 536 1627 trahi.
585 1564 825 1645 Argumentum
853 1570 942 1634 enirn
968 1570 1032 1637 hoc
1160 1566 1165 1574 '

59 1684 117 1749 ldit
144 1678 263 1759 Gaius,
293 1686 331 1741 ut
358 1684 551 1760 exponeret,
587 1685 719 1761 propter
746 1696 842 1763 quarn
874 1678 1032 1749 rationem

59 1788 172 1859 omani
197 1789 234 1851 in
264 1783 489 1851 centumvirali
522 1781 651 1866 judicio·
671 1786 801 1851 hertam
831 1786 1030 1857 adhiberent.

59 1916 99 1984 r,
127 1894 206 1986 quid
235 1914 328 1960 cruss
356 1892 546 1981 adquirendi
566 1894 704 1961 dominii
721 1898 841 1962 habeat
864 1920 938 1966 curn
957 1902 1032 1989 ipso
1085 1927 1091 1948 ·

59 2013 193 2090 minio,
222 2011 311 2089 cujus
334 2008 430 2071 haste
449 2007 578 2090 signum
598 2016 685 2083 erut,
713 2005 803 2072 huud
821 2009 917 2075 tacite
937 2006 1033 2077 dixe·

59 2125 110 2217 np!
152 2122 253 2186 Hasta
274 2116 362 2182 enim
383 2114 422 2179 sd
445 2117 689 2204 occupationem
709 2112 873 2199 bellicum,
905 2116 947 2185 de
967 2124 1030 2208 qui

59 2242 85 2304 lc
106 2250 212 2299 sermo
232 2238 299 2305 eat,
329 2226 418 2290 nulla
436 2222 564 2290 'ratione
584 2224 775 2311 pertinebit:
805 2244 865 2289 nuc
892 2230 961 2293 iere
990 2226 1033 2297 da

59 2354 89 2414 ln
115 2339 269 2427 judicium
294 2335 421 2401 institui
451 2331 601 2422 potuerit.
655 2330 821 2421 seuquid
847 2334 938 2401 hisco
964 2336 1032 2404 im.
1096 2310 1099 2315 ⁵

59 2454 154 2535 torah,
176 2469 258 2539 quse
279 2449 360 2513 sctis
379 2450 448 2525 jam
466 2462 525 2531 par
544 2463 580 2507 so
599 2456 676 2511 sunt
697 2448 852 2529 refutata.=
964 2448 968 2453 '

110 2566 190 2633 Atia
209 2562 315 2627 obstat
336 2556 525 2636 difficultas,
557 2556 592 2649 ai
607 2558 783 2621 accuratius
803 2576 936 2623 sonuum
955 2576 1033 2622 ver·

59 2699 143 2747 snum
162 2674 373 2768 inquiramus.
397 2664 486 2747 Quid
506 2668 595 2731 anim
614 2666 676 2733 sibi
693 2666 799 2741 velint
817 2670 917 2735 verba
935 2688 1033 2751 „rna-
1155 2718 1158 2724 .

59 2794 119 2857 bns
140 2786 228 2850 enim
249 2799 310 2843 uua
331 2796 404 2839 essa
424 2770 610 2857 cedebant,
640 2796 723 2864 quaa
749 2800 792 2843 ax
810 2780 958 2846 hostibus
978 2798 1035 2844 ca·
1101 2800 1107 2809 ’

59 2889 211 2967 issent?”
240 2878 291 2952 iu'
308 2884 399 2950 dubii
431 2884 625 2973 quaerimus.
670 2884 849 2978 occupatio
878 2892 1035 2955 nimirum

59 3009 161 3083 blica,
182 3002 213 3065 ai
234 2998 276 3063 ad
298 3003 408 3063 causas
429 2994 574 3063 dominis
593 2988 782 3085 adquiiendi
801 2998 954 3087 replices,
976 2996 1037 3067 vi}

59 3137 175 3213 nquam
194 3110 249 3179 hic
269 3109 401 3199 quidem
422 3108 519 3193 dignu
535 3105 689 3179 ,videatur
705 3110 884 3189 mentione,
905 3107 942 3172 in
962 3119 1037 3171 tan·

59 3222 281 3323 ‚praesertim
308 3224 476 3288 causarum
505 3216 729 3304 multitudine,
765 3220 881 3309 quibus
901 3216 1036 3285 omnino
1091 3274 1096 3285 ,

59 3339 211 3412 ‚minium
237 3354 258 3398 a
287 3334 423 3421 privatis
452 3327 640 3397 hominibus
665 3331 787 3420 percipi
813 3340 955 3419 poterat-
991 3324 1037 3395 lit

59 3448 119 3521 und
138 3450 218 3532 scio,
239 3465 324 3512 anna
346 3443 515 3510 videamur
535 3440 683 3505 omnium
702 3438 883 3519 falsissimi,
902 3438 935 3505 si
953 3460 1035 3505 uon«
1077 3490 1084 3509 ,

59 3562 240 3638 nderimus,
262 3556 396 3645 privatis
416 3551 622 3641 occupatione
641 3547 755 3614 bellica
776 3546 960 3615 dominium
976 3546 1035 3613 ad.

59 3673 117 3742 siri
135 3691 249 3759 posse:
273 3665 359 3757 quod
378 3666 434 3732 vel
453 3681 619 3763 nunquam
637 3656 711 3725 heri
728 3658 854 3747 potuit,
875 3650 1037 3725 tvl-mdxi-

59 3808 83 3853 ο
115 3780 248 3871 quidam
286 3772 435 3844 bellando
467 3758 650 3841 dominium
678 3770 880 3858 privatorum
910 3768 1033 3853 augeri,

59 3894 165 3963 nuino
186 3889 372 3975 negandum
390 3896 452 3953 ott
495 3880 629 3955 llum
619 3881 710 3983 onitu
730 3892 802 3949 unt
818 3880 1062 4031 privatorum,

59 4020 129 4092 Τίς.
144 4012 181 4069 do
195 4012 286 4085 judicu
280 4013 350 4069 ‘sim
732 3988 759 4057 S
870 4056 873 4063 ,
