2400 4328
470 72 481 101 Ι

509 149 548 167 -
593 116 658 175 20³
707 152 746 167 -

111 280 382 371 adjudicandum
405 285 694 367 conscriberentur3
727 283 784 347 sed
812 282 932 351 electos
964 315 1036 371 eos,
1068 310 1124 385 qui

113 420 248 490 operam
269 395 399 474 durent,
430 400 485 483 qui
507 394 672 475 adessent,
702 406 735 459 et
754 412 942 483 praeessent
963 409 1122 475 auctioni-

113 520 194 594 bus,
223 529 412 599 quocunque
439 504 537 573 modo
556 518 700 611 possent·
723 542 766 557 -··
792 504 954 575 Existiiuo
977 516 1119 602 quidem,

112 628 154 693 ab
180 623 222 689 iis
253 642 321 687 non
350 620 420 709 nisi·
444 630 538 699 extra
565 614 732 703 ordinem,
763 640 799 681 ac
829 620 864 685 in
892 624 1003 709 paucis
1025 630 1120 694 rebus

83 714 183 801 'esse
206 729 433 813 dijudicatum,
464 729 499 795 id
527 726 613 817 quod
642 724 697 795 v'el
719 752 837 795 nomen
860 752 974 799 eorum
994 732 1116 819 doceat,

94 856 223 939 'utpote
244 864 318 907 cum
339 864 404 907 nou
426 863 445 903 a
465 838 646 921 judicandp,
670 838 728 907 sed
750 863 769 903 a
790 862 925 907 numero
948 842 1023 911 dicti
1039 848 1115 913 sint.

106 956 226 1041 Exque
247 952 337 1025 omni
356 952 477 1039 populo
500 953 636 1016 arbitror
655 948 774 1017 idcirco
798 952 983 1037 eligendos,
1014 967 1049 1019 ut
1071 961 1114 1021 ita

108 1066 235 1151 optime
259 1064 297 1139 in
323 1065 419 1137 rebus
440 1062 577 1150 publicis
600 1083 732 1151 operam
752 1060 827 1127 dare
848 1075 882 1127 et
901 1076 1052 1151 possent,
1083 1080 1115 1131 et

108 1177 244 1254 vellent,
265 1194 302 1249 ac
321 1174 423 1245 totius
444 1172 556 1259 populi
576 1172 799 1238 auctoritatem
819 1176 986 1241 referrent.
1090 1256 1096 1269 Ι

197 1282 362 1365 Quaeres
386 1288 434 1351 uli
455 1306 513 1373 per
535 1304 570 1347 se
591 1280 633 1347 ad
655 1284 826 1349 veritatem
847 1286 1030 1351 firmissima
1052 1262 1111 1369 est,

108 1398 155 1469 sic
180 1382 335 1473 ualebat
357 1396 561 1471 dillicultates
584 1392 738 1481 expedias
761 1418 816 1461 ens
838 1418 960 1475 omnes,
983 1401 1018 1461 in
1040 1399 1110 1483 qui·
1165 1398 1183 1459 '.

104 1510 165 1573 bus
189 1504 385 1599 ,explicandis
407 1506 500 1568 aliter
520 1504 694 1566 titubantes
715 1506 916 1574 haereamus.
938 1508 993 1571 'Ad
1015 1531 1110 1597 quam

102 1640 174 1687 rem
203 1612 349 1689 uberius
364 1612 588 1705 explicandam
613 1616 682 1691 jem'
710 1620 883 1701 pervenio,
917 1616 1034 1705 duplici
1056 1624 1135 1687 via·

103 1740 302 1799 Halmium&
968 1710 971 1715 ι
1046 1734 1051 1743 ⁸

109 1890 113 1895 .
187 1837 329 1907 Primum
351 1838 456 1915 enim,
480 1830 557 1919 quid
578 1835 669 1905 hasta
691 1834 864 1916 injudicio
885 1842 1108 1907 centumvirali

101 1951 165 2015 sibi
186 1950 278 2029 velit,
298 1944 470 2013 dicendum
491 1945 561 2009 erit.
595 1942 634 2008 In
656 1958 809 2035 promptu
830 1949 1008 2035 igiturest,
1032 1972 1106 2018 eam
1147 1930 1150 1935 Ι

98 2060 140 2129 de
153 2062 257 2125 rebus
277 2061 312 2131 in
334 2057 515 2123 dominium
535 2058 648 2144 populi
669 2058 809 2139 collatis,
838 2079 896 2144 per
919 2056 1105 2126 lentumvi-

97 2192 153 2241 ros
173 2183 335 2243 emturum
356 2168 444 2249 gregi
464 2166 702 2255 proponendis,
730 2164 769 2227 in
791 2166 932 2231 conciliis
953 2172 1021 2235 suia
1043 2194 1103 2258 po.

98 2280 216 2351 sitema
239 2289 275 2341 ut
295 2279 484 2361 significaret
506 2299 573 2341 non
594 2277 825 2351 auctoritatem,
837 2296 941 2362 neque
954 2292 1101 2345 centum-

98 2390 260 2471 uirorum,
282 2411 387 2477 neque
407 2388 534 2481 populi,
557 2391 646 2469 cujus
669 2397 759 2449 erant
782 2384 895 2473 elec1i3
918 2384 975 2451 sed
995 2386 1101 2455 domi-

96 2503 190 2567 nium
210 2522 315 2567 rerum
337 2522 467 2577 earum,
499 2499 677 2587 dequibus
707 2497 812 2560 auctio
834 2506 920 2561 esset
940 2497 1098 2581 instituta,

95 2632 211 2681 uerum
231 2633 268 2679 ac
283 2618 406 2695 justum
426 2613 542 2700 populi
561 2634 632 2681 esse
652 2607 804 2677 Romani.
850 2604 943 2689 Quae
961 2628 1034 2671 cum
1053 2608 1099 2671 ita

94 2728 171 2805 sint,
194 2722 227 2787 id
249 2738 328 2809 puto
350 2719 587 2799 al'sumandum
609 2724 735 2787 hastam
753 2718 863 2806 priori,
888 2698 1099 2809 et'autiquis-

92 2836 179 2901 sinae
209 2843 374 2915 ternpore,
405 2826 517 2891 adesse
546 2842 615 2895 tum
643 2826 805 2919 potuisse,
836 2812 904 2893 'tum
928 2830 1099 2911 debuisse;

92 2939 182 3029 quod
200 2926 395 3010 testimoniis
418 2934 458 2999 de
480 2958 518 3000 ea
539 2960 574 3003 re
596 2940 718 3023 optime
740 2936 882 3021 quadrat.
916 2938 998 3005 llam
1021 2960 1095 3003 cum

94 3050 293 3138 Pomponius
315 3056 458 3109 narraret
485 3044 526 3108 de
553 3047 709 3119 electione
730 3046 891 3111 Praetoris
912 3056 944 3107 et
966 3049 1090 3123 urbani,

92 3176 126 3225 et
147 3160 319 3247 peregrini,
342 3166 375 3219 et
394 3160 462 3236 jam
483 3152 523 3219 de
543 3156 636 3219 basta
659 3152 884 3219 centumvirali
894 3155 1093 3221 mentionem
1132 3223 1137 3230 ,

90 3272 167 3336 lacit
187 3268 392 3349 diligentem,
414 3287 516 3352 usque
538 3263 618 3331 adeo
640 3264 857 3331 centumviros
878 3264 970 3325 hasta
991 3264 1092 3342 signi·

89 3387 174 3461 licat,
196 3401 259 3463 quo
281 3378 444 3460 collegeris
466 3383 586 3461 etjam
607 3375 829 3463 antiquissimo
850 3382 994 3461 tempore
1014 3374 1092 3435 hes-

89 3508 159 3557 tam
188 3500 222 3554 et
251 3488 521 3555 centumuirorum
542 3476 728 3553 consessum
749 3482 790 3547 ad
811 3481 900 3547 idem
919 3480 1017 3569 pinne
1037 3504 1090 3545 re<

89 3602 200 3667 diisse.
243 3599 285 3665 Et
314 3601 393 3665 haec
420 3620 460 3664 ea
486 3602 570 3665 ratio
590 3611 657 3679 est,
691 3618 787 3684 quam
809 3592 908 3677 Gaius
928 3588 1086 3670 describit,

91 3716 219 3776 hastam
249 3712 511 3777 centumuiralem
538 3713 714 3800 explicans.
758 3707 884 3773 Tamen
910 3703 988 3773 vero
1011 3703 1090 3769 sotis

94 3820 177 3886 mihi
197 3820 233 3887 fir
253 3825 427 3911 probabile,
449 3824 621 3891 invaluisse
644 3826 754 3889 hastae
771 3840 867 3887 usum
886 3807 1090 3905 eolempote,
