<?xml version="1.0" encoding="UTF-8"?>
<!DOCTYPE html PUBLIC "-//W3C//DTD XHTML 1.0 Transitional//EN"
    "http://www.w3.org/TR/xhtml1/DTD/xhtml1-transitional.dtd">
<html xmlns="http://www.w3.org/1999/xhtml" xml:lang="en" lang="en">
 <head>
  <title>
</title>
<meta http-equiv="Content-Type" content="text/html;charset=utf-8" />
  <meta name='ocr-system' content='tesseract 3.04.00' />
  <meta name='ocr-capabilities' content='ocr_page ocr_carea ocr_par ocr_line ocrx_word'/>
</head>
<body>
  <div class='ocr_page' id='page_1' title='image "./dejudicibusapud00tigegoog_0147.png"; bbox 0 0 2400 4328; ppageno 0'>
   <div class='ocr_carea' id='block_1_1' title="bbox 539 136 775 277">
    <p class='ocr_par' dir='ltr' id='par_1_1' title="bbox 539 136 775 277">
     <span class='ocr_line' id='line_1_1' title="bbox 539 136 775 277; baseline 0.008 -40"><span class='ocrx_word' id='word_1_1' title='bbox 539 201 583 277; x_wconf 75' lang='lat'><strong>7-</strong></span> <span class='ocrx_word' id='word_1_2' title='bbox 626 136 775 240; x_wconf 74' lang='grc' dir='ltr'><strong>ιιι.-</strong></span> 
     </span>
    </p>
   </div>
   <div class='ocr_carea' id='block_1_2' title="bbox 68 336 1166 2858">
    <p class='ocr_par' dir='ltr' id='par_1_2' title="bbox 68 336 1166 2858">
     <span class='ocr_line' id='line_1_2' title="bbox 158 336 1166 431; baseline 0.008 -27"><span class='ocrx_word' id='word_1_3' title='bbox 158 361 323 427; x_wconf 89' lang='lat' dir='ltr'><strong>uuuquam</strong></span> <span class='ocrx_word' id='word_1_4' title='bbox 350 342 493 427; x_wconf 77' lang='lat' dir='ltr'><strong>poterat,</strong></span> <span class='ocrx_word' id='word_1_5' title='bbox 523 336 686 416; x_wconf 82' lang='lat' dir='ltr'><strong>civilibus,</strong></span> <span class='ocrx_word' id='word_1_6' title='bbox 717 359 761 405; x_wconf 84' lang='lat' dir='ltr'><strong>eu</strong></span> <span class='ocrx_word' id='word_1_7' title='bbox 785 336 953 428; x_wconf 84' lang='lat' dir='ltr'><strong>praetoriis</strong></span> <span class='ocrx_word' id='word_1_8' title='bbox 979 343 1166 431; x_wconf 72' lang='lat' dir='ltr'><strong>praeceptis</strong></span> 
     </span>
     <span class='ocr_line' id='line_1_3' title="bbox 131 449 1166 538; baseline 0.006 -23"><span class='ocrx_word' id='word_1_9' title='bbox 131 450 366 532; x_wconf 63' lang='lat' dir='ltr'><strong>vjudicandum</strong></span> <span class='ocrx_word' id='word_1_10' title='bbox 392 461 501 531; x_wconf 75' lang='lat' dir='ltr'><strong>eeset,</strong></span> <span class='ocrx_word' id='word_1_11' title='bbox 541 471 585 515; x_wconf 83' lang='lat' dir='ltr'><strong>eu</strong></span> <span class='ocrx_word' id='word_1_12' title='bbox 612 449 783 538; x_wconf 83' lang='lat' dir='ltr'><strong>denique</strong></span> <span class='ocrx_word' id='word_1_13' title='bbox 772 472 844 532; x_wconf 70' lang='lat' dir='ltr'><strong>rure</strong></span> <span class='ocrx_word' id='word_1_14' title='bbox 865 451 1011 516; x_wconf 82' lang='lat' dir='ltr'><strong>naturali.</strong></span> <span class='ocrx_word' id='word_1_15' title='bbox 1076 451 1166 521; x_wconf 80' lang='lat' dir='ltr'><strong>Nem</strong></span> 
     </span>
     <span class='ocr_line' id='line_1_4' title="bbox 155 557 1166 677; baseline 0.006 -51"><span class='ocrx_word' id='word_1_16' title='bbox 155 560 310 626; x_wconf 76' lang='lat' dir='ltr'><strong>traditum</strong></span> <span class='ocrx_word' id='word_1_17' title='bbox 339 572 389 626; x_wconf 87' lang='lat' dir='ltr'><strong>est</strong></span> <span class='ocrx_word' id='word_1_18' title='bbox 415 581 435 622; x_wconf 84' lang='lat' dir='ltr'><strong>r</strong></span> <span class='ocrx_word' id='word_1_19' title='bbox 463 557 693 647; x_wconf 71' lang='lat' dir='ltr'><strong>Tryphouiu05</strong></span> <span class='ocrx_word' id='word_1_20' title='bbox 726 581 799 625; x_wconf 91' lang='lat' dir='ltr'><strong>cum</strong></span> <span class='ocrx_word' id='word_1_21' title='bbox 834 561 1026 644; x_wconf 83' lang='lat' dir='ltr'><strong>generaliter</strong></span> <span class='ocrx_word' id='word_1_22' title='bbox 1057 565 1166 677; x_wconf 86' lang='lat' dir='ltr'><strong>bonae</strong></span> 
     </span>
     <span class='ocr_line' id='line_1_5' title="bbox 69 670 883 740; baseline -0.004 0"><span class='ocrx_word' id='word_1_23' title='bbox 69 734 73 740; x_wconf 92' lang='lat'><strong>.</strong></span> <span class='ocrx_word' id='word_1_24' title='bbox 153 672 233 736; x_wconf 81' lang='lat' dir='ltr'><strong>fidei</strong></span> <span class='ocrx_word' id='word_1_25' title='bbox 254 681 473 735; x_wconf 81' lang='lat' dir='ltr'>contractuum</span> <span class='ocrx_word' id='word_1_26' title='bbox 492 672 651 737; x_wconf 88' lang='lat' dir='ltr'><strong>rationem</strong></span> <span class='ocrx_word' id='word_1_27' title='bbox 671 670 883 740; x_wconf 77' lang='lat' dir='ltr'><strong>describeret.</strong></span> 
     </span>
     <span class='ocr_line' id='line_1_6' title="bbox 195 779 1159 867; baseline 0.005 -20"><span class='ocrx_word' id='word_1_28' title='bbox 195 780 288 864; x_wconf 90' lang='lat' dir='ltr'><strong>„Sed</strong></span> <span class='ocrx_word' id='word_1_29' title='bbox 308 803 381 847; x_wconf 82' lang='lat' dir='ltr'><strong>cam</strong></span> <span class='ocrx_word' id='word_1_30' title='bbox 402 779 460 865; x_wconf 86' lang='lat' dir='ltr'><strong>(ec.</strong></span> <span class='ocrx_word' id='word_1_31' title='bbox 483 783 603 849; x_wconf 83' lang='lat' dir='ltr'><strong>bouem</strong></span> <span class='ocrx_word' id='word_1_32' title='bbox 621 779 736 867; x_wconf 86' lang='lat' dir='ltr'><strong>fidem)</strong></span> <span class='ocrx_word' id='word_1_33' title='bbox 756 795 865 848; x_wconf 86' lang='lat' dir='ltr'><strong>utrum</strong></span> <span class='ocrx_word' id='word_1_34' title='bbox 879 783 1095 851; x_wconf 79' lang='lat' dir='ltr'><strong>aestimamus</strong></span> <span class='ocrx_word' id='word_1_35' title='bbox 1116 785 1159 855; x_wconf 89' lang='lat' dir='ltr'><strong>ad</strong></span> 
     </span>
     <span class='ocr_line' id='line_1_7' title="bbox 185 891 1161 982; baseline 0.006 -26"><span class='ocrx_word' id='word_1_36' title='bbox 185 913 322 977; x_wconf 22' lang='lat' dir='ltr'><strong>*merum</strong></span> <span class='ocrx_word' id='word_1_37' title='bbox 340 896 392 974; x_wconf 83' lang='lat' dir='ltr'><strong>jus</strong></span> <span class='ocrx_word' id='word_1_38' title='bbox 416 891 586 974; x_wconf 87' lang='lat' dir='ltr'><strong>Gentium,</strong></span> <span class='ocrx_word' id='word_1_39' title='bbox 617 915 660 956; x_wconf 89' lang='lat' dir='ltr'><strong>au</strong></span> <span class='ocrx_word' id='word_1_40' title='bbox 680 914 759 959; x_wconf 81' lang='lat' dir='ltr'><strong>vero</strong></span> <span class='ocrx_word' id='word_1_41' title='bbox 781 915 853 957; x_wconf 93' lang='lat' dir='ltr'><strong>cum</strong></span> <span class='ocrx_word' id='word_1_42' title='bbox 867 897 1053 982; x_wconf 44' lang='lat' dir='ltr'><strong>*praeceptis</strong></span> <span class='ocrx_word' id='word_1_43' title='bbox 1077 897 1161 962; x_wconf 79' lang='lat' dir='ltr'><strong>ciri-</strong></span> 
     </span>
     <span class='ocr_line' id='line_1_8' title="bbox 185 995 1160 1091; baseline 0.005 -25"><span class='ocrx_word' id='word_1_44' title='bbox 185 1004 289 1083; x_wconf 85' lang='lat' dir='ltr'><strong>·libus,</strong></span> <span class='ocrx_word' id='word_1_45' title='bbox 313 1013 347 1066; x_wconf 88' lang='lat' dir='ltr'><strong>et</strong></span> <span class='ocrx_word' id='word_1_46' title='bbox 366 1003 558 1090; x_wconf 79' lang='lat' dir='ltr'><strong>praetoriis?</strong></span> <span class='ocrx_word' id='word_1_47' title='bbox 578 1003 682 1071; x_wconf 80' lang='lat' dir='ltr'><strong>veluti</strong></span> <span class='ocrx_word' id='word_1_48' title='bbox 702 1022 777 1067; x_wconf 88' lang='lat' dir='ltr'><strong>reus</strong></span> <span class='ocrx_word' id='word_1_49' title='bbox 799 1005 944 1091; x_wconf 70' lang='lat' dir='ltr'><strong>capitalis</strong></span> <span class='ocrx_word' id='word_1_50' title='bbox 964 997 1079 1086; x_wconf 85' lang='lat' dir='ltr'><strong>judicii</strong></span> <span class='ocrx_word' id='word_1_51' title='bbox 1100 995 1160 1071; x_wconf 58' lang='lat' dir='ltr'><strong>dess</strong></span> 
     </span>
     <span class='ocr_line' id='line_1_9' title="bbox 190 1112 1159 1201; baseline 0.004 -25"><span class='ocrx_word' id='word_1_52' title='bbox 190 1115 300 1201; x_wconf 90' lang='lat' dir='ltr'><strong>posuit</strong></span> <span class='ocrx_word' id='word_1_53' title='bbox 331 1112 417 1199; x_wconf 88' lang='lat' dir='ltr'><strong>apud</strong></span> <span class='ocrx_word' id='word_1_54' title='bbox 446 1125 480 1178; x_wconf 89' lang='lat' dir='ltr'><strong>te</strong></span> <span class='ocrx_word' id='word_1_55' title='bbox 511 1125 661 1179; x_wconf 89' lang='lat' dir='ltr'><strong>centum.</strong></span> <span class='ocrx_word' id='word_1_56' title='bbox 692 1113 721 1177; x_wconf 89' lang='lat' dir='ltr'><strong>ie</strong></span> <span class='ocrx_word' id='word_1_57' title='bbox 752 1112 939 1200; x_wconf 76' lang='lat' dir='ltr'><strong>deportetur</strong></span> <span class='ocrx_word' id='word_1_58' title='bbox 965 1127 1036 1181; x_wconf 77' lang='lat' dir='ltr'><strong>estc</strong></span> <span class='ocrx_word' id='word_1_59' title='bbox 1070 1119 1159 1191; x_wconf 75' lang='lat' dir='ltr'><strong>bonu</strong></span> 
     </span>
     <span class='ocr_line' id='line_1_10' title="bbox 189 1223 1155 1351; baseline 0.007 -64"><span class='ocrx_word' id='word_1_60' title='bbox 189 1227 260 1304; x_wconf 82' lang='lat' dir='ltr'><strong>ejus</strong></span> <span class='ocrx_word' id='word_1_61' title='bbox 287 1224 448 1311; x_wconf 82' lang='lat' dir='ltr'><strong>publicata</strong></span> <span class='ocrx_word' id='word_1_62' title='bbox 469 1235 563 1289; x_wconf 85' lang='lat' dir='ltr'><strong>sunt:</strong></span> <span class='ocrx_word' id='word_1_63' title='bbox 592 1237 754 1290; x_wconf 88' lang='lat' dir='ltr'><strong>utrumne</strong></span> <span class='ocrx_word' id='word_1_64' title='bbox 773 1223 840 1312; x_wconf 87' lang='lat' dir='ltr'><strong>ipsi</strong></span> <span class='ocrx_word' id='word_1_65' title='bbox 867 1227 947 1289; x_wconf 82' lang='lat' dir='ltr'><strong>haec</strong></span> <span class='ocrx_word' id='word_1_66' title='bbox 974 1223 1155 1351; x_wconf 80' lang='lat' dir='ltr'><strong>reddenda,</strong></span> 
     </span>
     <span class='ocr_line' id='line_1_11' title="bbox 182 1332 794 1437; baseline 0.002 -39"><span class='ocrx_word' id='word_1_67' title='bbox 182 1355 231 1437; x_wconf 48' lang='lat' dir='ltr'><strong>‘u</strong></span> <span class='ocrx_word' id='word_1_68' title='bbox 251 1336 287 1398; x_wconf 90' lang='lat' dir='ltr'><strong>iu</strong></span> <span class='ocrx_word' id='word_1_69' title='bbox 307 1334 471 1420; x_wconf 82' lang='lat' dir='ltr'><strong>publicum</strong></span> <span class='ocrx_word' id='word_1_70' title='bbox 492 1332 666 1401; x_wconf 79' lang='lat' dir='ltr'><strong>deferenda</strong></span> <span class='ocrx_word' id='word_1_71' title='bbox 687 1337 763 1401; x_wconf 86' lang='lat' dir='ltr'><strong>siut.</strong></span> <span class='ocrx_word' id='word_1_72' title='bbox 772 1334 794 1370; x_wconf 81' lang='lat'><strong>’³</strong></span> 
     </span>
     <span class='ocr_line' id='line_1_12' title="bbox 145 1445 1145 1532; baseline 0.004 -23"><span class='ocrx_word' id='word_1_73' title='bbox 145 1445 305 1532; x_wconf 77' lang='lat' dir='ltr'><strong>Respexit</strong></span> <span class='ocrx_word' id='word_1_74' title='bbox 336 1455 446 1508; x_wconf 87' lang='lat' dir='ltr'><strong>sutem</strong></span> <span class='ocrx_word' id='word_1_75' title='bbox 471 1454 583 1509; x_wconf 81' lang='lat' dir='ltr'><strong>auctor</strong></span> <span class='ocrx_word' id='word_1_76' title='bbox 616 1445 658 1510; x_wconf 86' lang='lat' dir='ltr'><strong>ed</strong></span> <span class='ocrx_word' id='word_1_77' title='bbox 685 1446 878 1532; x_wconf 84' lang='lat' dir='ltr'><strong>triplicem</strong></span> <span class='ocrx_word' id='word_1_78' title='bbox 866 1447 945 1528; x_wconf 70' lang='lat' dir='ltr'><strong>purte</strong></span> <span class='ocrx_word' id='word_1_79' title='bbox 974 1447 1145 1528; x_wconf 78' lang='lat' dir='ltr'><strong>originem,</strong></span> 
     </span>
     <span class='ocr_line' id='line_1_13' title="bbox 143 1545 1146 1640; baseline 0.002 -21"><span class='ocrx_word' id='word_1_80' title='bbox 143 1561 195 1637; x_wconf 84' lang='lat' dir='ltr'><strong>jus</strong></span> <span class='ocrx_word' id='word_1_81' title='bbox 216 1557 322 1631; x_wconf 81' lang='lat' dir='ltr'><strong>civile,</strong></span> <span class='ocrx_word' id='word_1_82' title='bbox 346 1561 397 1636; x_wconf 89' lang='lat' dir='ltr'><strong>jus</strong></span> <span class='ocrx_word' id='word_1_83' title='bbox 419 1556 576 1640; x_wconf 85' lang='lat' dir='ltr'><strong>gentium,</strong></span> <span class='ocrx_word' id='word_1_84' title='bbox 598 1567 632 1622; x_wconf 90' lang='lat' dir='ltr'><strong>et</strong></span> <span class='ocrx_word' id='word_1_85' title='bbox 647 1559 807 1624; x_wconf 81' lang='lat' dir='ltr'><strong>naturale.</strong></span> <span class='ocrx_word' id='word_1_86' title='bbox 848 1557 953 1624; x_wconf 84' lang='lat' dir='ltr'><strong>Nemo</strong></span> <span class='ocrx_word' id='word_1_87' title='bbox 973 1567 1083 1623; x_wconf 84' lang='lat' dir='ltr'><strong>autem</strong></span> <span class='ocrx_word' id='word_1_88' title='bbox 1097 1545 1146 1621; x_wconf 63' lang='lat' dir='ltr'><strong>sii</strong></span> 
     </span>
     <span class='ocr_line' id='line_1_14' title="bbox 142 1665 1148 1757; baseline 0.005 -26"><span class='ocrx_word' id='word_1_89' title='bbox 142 1669 176 1731; x_wconf 92' lang='lat' dir='ltr'><strong>bi</strong></span> <span class='ocrx_word' id='word_1_90' title='bbox 195 1666 415 1755; x_wconf 78' lang='lat' dir='ltr'><strong>persuadebit,</strong></span> <span class='ocrx_word' id='word_1_91' title='bbox 445 1677 609 1732; x_wconf 84' lang='lat' dir='ltr'><strong>auctorem</strong></span> <span class='ocrx_word' id='word_1_92' title='bbox 635 1665 677 1734; x_wconf 87' lang='lat' dir='ltr'><strong>de</strong></span> <span class='ocrx_word' id='word_1_93' title='bbox 705 1673 778 1752; x_wconf 85' lang='lat' dir='ltr'><strong>jure</strong></span> <span class='ocrx_word' id='word_1_94' title='bbox 797 1681 949 1750; x_wconf 80' lang='lat' dir='ltr'><strong>naturae,</strong></span> <span class='ocrx_word' id='word_1_95' title='bbox 976 1666 1068 1757; x_wconf 84' lang='lat' dir='ltr'><strong>quod</strong></span> <span class='ocrx_word' id='word_1_96' title='bbox 1086 1686 1148 1736; x_wconf 75' lang='lat' dir='ltr'><strong>uos</strong></span> 
     </span>
     <span class='ocr_line' id='line_1_15' title="bbox 141 1778 656 1859; baseline 0 -14"><span class='ocrx_word' id='word_1_97' title='bbox 141 1778 285 1859; x_wconf 77' lang='lat' dir='ltr'><strong>dicimus,</strong></span> <span class='ocrx_word' id='word_1_98' title='bbox 307 1778 422 1842; x_wconf 83' lang='lat' dir='ltr'><strong>fecisse</strong></span> <span class='ocrx_word' id='word_1_99' title='bbox 441 1778 656 1846; x_wconf 83' lang='lat' dir='ltr'><strong>mentionem.</strong></span> 
     </span>
     <span class='ocr_line' id='line_1_16' title="bbox 184 1887 1153 1975; baseline 0.002 -23"><span class='ocrx_word' id='word_1_100' title='bbox 184 1887 312 1952; x_wconf 86' lang='lat' dir='ltr'><strong>Dehinc</strong></span> <span class='ocrx_word' id='word_1_101' title='bbox 332 1888 378 1950; x_wconf 89' lang='lat' dir='ltr'><strong>ite</strong></span> <span class='ocrx_word' id='word_1_102' title='bbox 399 1888 509 1974; x_wconf 78' lang='lat' dir='ltr'><strong>eloqui</strong></span> <span class='ocrx_word' id='word_1_103' title='bbox 529 1891 652 1974; x_wconf 85' lang='lat' dir='ltr'><strong>pergit:</strong></span> <span class='ocrx_word' id='word_1_104' title='bbox 695 1894 756 1975; x_wconf 79' lang='lat' dir='ltr'><strong>„ei</strong></span> <span class='ocrx_word' id='word_1_105' title='bbox 777 1904 903 1957; x_wconf 84' lang='lat' dir='ltr'><strong>tentum</strong></span> <span class='ocrx_word' id='word_1_106' title='bbox 922 1891 1093 1970; x_wconf 86' lang='lat' dir='ltr'><strong>naturale,</strong></span> <span class='ocrx_word' id='word_1_107' title='bbox 1118 1900 1153 1956; x_wconf 86' lang='lat' dir='ltr'><strong>et</strong></span> 
     </span>
     <span class='ocr_line' id='line_1_17' title="bbox 155 1998 1151 2091; baseline 0.003 -29"><span class='ocrx_word' id='word_1_108' title='bbox 155 2085 158 2091; x_wconf 28' lang='grc'><strong>,</strong></span> <span class='ocrx_word' id='word_1_109' title='bbox 181 1999 325 2082; x_wconf 81' lang='lat' dir='ltr'><strong>gentium</strong></span> <span class='ocrx_word' id='word_1_110' title='bbox 345 2002 397 2079; x_wconf 87' lang='lat' dir='ltr'><strong>jue</strong></span> <span class='ocrx_word' id='word_1_111' title='bbox 416 1999 657 2082; x_wconf 81' lang='lat' dir='ltr'><strong>intelligemus,</strong></span> <span class='ocrx_word' id='word_1_112' title='bbox 679 2003 727 2083; x_wconf 87' lang='lat' dir='ltr'><strong>ei,</strong></span> <span class='ocrx_word' id='word_1_113' title='bbox 749 2002 805 2087; x_wconf 84' lang='lat' dir='ltr'><strong>qui</strong></span> <span class='ocrx_word' id='word_1_114' title='bbox 826 1998 923 2077; x_wconf 85' lang='lat' dir='ltr'><strong>dedit,</strong></span> <span class='ocrx_word' id='word_1_115' title='bbox 940 1999 1151 2067; x_wconf 81' lang='lat' dir='ltr'><strong>restituenda</strong></span> 
     </span>
     <span class='ocr_line' id='line_1_18' title="bbox 180 2092 1149 2199; baseline -0.005 -24"><span class='ocrx_word' id='word_1_116' title='bbox 180 2122 275 2175; x_wconf 84' lang='lat' dir='ltr'><strong>suut:</strong></span> <span class='ocrx_word' id='word_1_117' title='bbox 298 2110 327 2173; x_wconf 80' lang='lat' dir='ltr'><strong>ei</strong></span> <span class='ocrx_word' id='word_1_118' title='bbox 347 2111 443 2178; x_wconf 81' lang='lat' dir='ltr'><strong>civile</strong></span> <span class='ocrx_word' id='word_1_119' title='bbox 462 2115 570 2190; x_wconf 79' lang='lat' dir='ltr'><strong>juset</strong></span> <span class='ocrx_word' id='word_1_120' title='bbox 589 2114 698 2195; x_wconf 83' lang='lat' dir='ltr'><strong>legum</strong></span> <span class='ocrx_word' id='word_1_121' title='bbox 718 2107 872 2183; x_wconf 86' lang='lat' dir='ltr'><strong>ordinem,</strong></span> <span class='ocrx_word' id='word_1_122' title='bbox 893 2105 997 2186; x_wconf 83' lang='lat' dir='ltr'><strong>magis</strong></span> <span class='ocrx_word' id='word_1_123' title='bbox 1019 2092 1059 2173; x_wconf 87' lang='lat' dir='ltr'><strong>iu</strong></span> <span class='ocrx_word' id='word_1_124' title='bbox 1082 2134 1149 2199; x_wconf 78' lang='lat' dir='ltr'><strong>pu.</strong></span> 
     </span>
     <span class='ocr_line' id='line_1_19' title="bbox 177 2204 1148 2306; baseline 0.004 -21"><span class='ocrx_word' id='word_1_125' title='bbox 177 2223 298 2291; x_wconf 85' lang='lat' dir='ltr'><strong>blicum</strong></span> <span class='ocrx_word' id='word_1_126' title='bbox 318 2219 492 2289; x_wconf 76' lang='lat' dir='ltr'><strong>deferenda</strong></span> <span class='ocrx_word' id='word_1_127' title='bbox 513 2234 597 2288; x_wconf 85' lang='lat' dir='ltr'><strong>sunt.</strong></span> <span class='ocrx_word' id='word_1_128' title='bbox 638 2221 724 2289; x_wconf 84' lang='lat' dir='ltr'><strong>Nem</strong></span> <span class='ocrx_word' id='word_1_129' title='bbox 742 2220 829 2291; x_wconf 87' lang='lat' dir='ltr'><strong>male</strong></span> <span class='ocrx_word' id='word_1_130' title='bbox 849 2217 993 2298; x_wconf 79' lang='lat' dir='ltr'><strong>meritus,</strong></span> <span class='ocrx_word' id='word_1_131' title='bbox 1008 2204 1148 2306; x_wconf 73' lang='lat' dir='ltr'><strong>publios&#39;</strong></span> 
     </span>
     <span class='ocr_line' id='line_1_20' title="bbox 148 2329 1145 2431; baseline 0.003 -36"><span class='ocrx_word' id='word_1_132' title='bbox 148 2372 151 2380; x_wconf 91' lang='lat'>·</span> <span class='ocrx_word' id='word_1_133' title='bbox 174 2345 212 2396; x_wconf 90' lang='lat' dir='ltr'><strong>ut</strong></span> <span class='ocrx_word' id='word_1_134' title='bbox 233 2335 385 2421; x_wconf 83' lang='lat' dir='ltr'><strong>exemplo</strong></span> <span class='ocrx_word' id='word_1_135' title='bbox 405 2334 478 2399; x_wconf 86' lang='lat' dir='ltr'><strong>aliis</strong></span> <span class='ocrx_word' id='word_1_136' title='bbox 499 2332 541 2398; x_wconf 90' lang='lat' dir='ltr'><strong>ad</strong></span> <span class='ocrx_word' id='word_1_137' title='bbox 562 2331 753 2400; x_wconf 85' lang='lat' dir='ltr'><strong>deterrenda</strong></span> <span class='ocrx_word' id='word_1_138' title='bbox 773 2330 931 2397; x_wconf 83' lang='lat' dir='ltr'><strong>meleficia</strong></span> <span class='ocrx_word' id='word_1_139' title='bbox 951 2329 1013 2431; x_wconf 85' lang='lat' dir='ltr'><strong>sit,</strong></span> <span class='ocrx_word' id='word_1_140' title='bbox 1038 2332 1145 2398; x_wconf 83' lang='lat' dir='ltr'><strong>etiam</strong></span> 
     </span>
     <span class='ocr_line' id='line_1_21' title="bbox 68 2439 642 2524; baseline 0.005 -19"><span class='ocrx_word' id='word_1_141' title='bbox 68 2439 71 2443; x_wconf 76' lang='grc'><strong>’</strong></span> <span class='ocrx_word' id='word_1_142' title='bbox 106 2467 109 2475; x_wconf 92' lang='lat'>·</span> <span class='ocrx_word' id='word_1_143' title='bbox 174 2455 318 2524; x_wconf 80' lang='lat' dir='ltr'><strong>egestate</strong></span> <span class='ocrx_word' id='word_1_144' title='bbox 339 2444 484 2508; x_wconf 82' lang='lat' dir='ltr'><strong>laborare</strong></span> <span class='ocrx_word' id='word_1_145' title='bbox 506 2443 611 2510; x_wconf 86' lang='lat' dir='ltr'><strong>debet.</strong></span> <span class='ocrx_word' id='word_1_146' title='bbox 619 2445 642 2479; x_wconf 73' lang='lat'><strong>&#39;³</strong></span> 
     </span>
     <span class='ocr_line' id='line_1_22' title="bbox 173 2548 1140 2651; baseline 0.001 -35"><span class='ocrx_word' id='word_1_147' title='bbox 173 2548 212 2616; x_wconf 87' lang='lat' dir='ltr'><strong>lu</strong></span> <span class='ocrx_word' id='word_1_148' title='bbox 233 2553 332 2618; x_wconf 83' lang='lat' dir='ltr'><strong>oliam</strong></span> <span class='ocrx_word' id='word_1_149' title='bbox 352 2553 456 2619; x_wconf 85' lang='lat' dir='ltr'><strong>adhuc</strong></span> <span class='ocrx_word' id='word_1_150' title='bbox 470 2552 730 2645; x_wconf 84' lang='lat' dir='ltr'><strong>difficultatem</strong></span> <span class='ocrx_word' id='word_1_151' title='bbox 718 2553 852 2616; x_wconf 71' lang='lat' dir='ltr'><strong>incurrit</strong></span> <span class='ocrx_word' id='word_1_152' title='bbox 872 2560 992 2651; x_wconf 87' lang='lat' dir='ltr'><strong>auctor,</strong></span> <span class='ocrx_word' id='word_1_153' title='bbox 1014 2559 1055 2614; x_wconf 88' lang='grc' dir='ltr'><strong>ιιι</strong></span> <span class='ocrx_word' id='word_1_154' title='bbox 1075 2573 1140 2618; x_wconf 89' lang='lat' dir='ltr'><strong>no-</strong></span> 
     </span>
     <span class='ocr_line' id='line_1_23' title="bbox 172 2629 1140 2746; baseline 0.005 -21"><span class='ocrx_word' id='word_1_155' title='bbox 172 2663 223 2725; x_wconf 90' lang='lat' dir='ltr'><strong>bis</strong></span> <span class='ocrx_word' id='word_1_156' title='bbox 243 2663 391 2733; x_wconf 86' lang='lat' dir='ltr'><strong>ostendet</strong></span> <span class='ocrx_word' id='word_1_157' title='bbox 421 2629 612 2746; x_wconf 80' lang='lat' dir='ltr'><strong>diflicillr&#39;ma</strong></span> <span class='ocrx_word' id='word_1_158' title='bbox 627 2660 813 2743; x_wconf 83' lang='lat' dir='ltr'><strong>dijudicetu</strong></span> <span class='ocrx_word' id='word_1_159' title='bbox 836 2663 960 2728; x_wconf 87' lang='lat' dir='ltr'><strong>esseb.</strong></span> <span class='ocrx_word' id='word_1_160' title='bbox 983 2662 1009 2728; x_wconf 78' lang='lat' dir='ltr'><strong>f.</strong></span> <span class='ocrx_word' id='word_1_161' title='bbox 1032 2651 1140 2746; x_wconf 71' lang='grc' dir='ltr'><strong>ιιοέο-</strong></span> 
     </span>
     <span class='ocr_line' id='line_1_24' title="bbox 171 2771 1137 2858; baseline 0.01 -26"><span class='ocrx_word' id='word_1_162' title='bbox 171 2771 238 2852; x_wconf 74' lang='grc' dir='ltr'><strong>ιιι;</strong></span> <span class='ocrx_word' id='word_1_163' title='bbox 268 2793 330 2856; x_wconf 84' lang='lat' dir='ltr'><strong>qua</strong></span> <span class='ocrx_word' id='word_1_164' title='bbox 352 2773 393 2847; x_wconf 87' lang='lat' dir='ltr'><strong>de</strong></span> <span class='ocrx_word' id='word_1_165' title='bbox 413 2799 450 2842; x_wconf 88' lang='lat' dir='ltr'><strong>re</strong></span> <span class='ocrx_word' id='word_1_166' title='bbox 472 2780 512 2841; x_wconf 90' lang='lat' dir='ltr'><strong>cf</strong></span> <span class='ocrx_word' id='word_1_167' title='bbox 532 2777 605 2839; x_wconf 91' lang='lat' dir='ltr'><strong>loco</strong></span> <span class='ocrx_word' id='word_1_168' title='bbox 626 2773 680 2842; x_wconf 80' lang='lat' dir='ltr'><strong>cit.</strong></span> <span class='ocrx_word' id='word_1_169' title='bbox 702 2776 728 2858; x_wconf 68' lang='lat' dir='ltr'><strong>b</strong></span> <span class='ocrx_word' id='word_1_170' title='bbox 752 2774 804 2841; x_wconf 81' lang='grc'><strong>1.;</strong></span> <span class='ocrx_word' id='word_1_171' title='bbox 834 2773 1011 2857; x_wconf 86' lang='lat' dir='ltr'><strong>„Incurrit</strong></span> <span class='ocrx_word' id='word_1_172' title='bbox 1025 2775 1080 2841; x_wconf 90' lang='lat' dir='ltr'><strong>hic</strong></span> <span class='ocrx_word' id='word_1_173' title='bbox 1102 2787 1137 2842; x_wconf 85' lang='lat' dir='ltr'><strong>et</strong></span> 
     </span>
    </p>
   </div>
   <div class='ocr_carea' id='block_1_3' title="bbox 127 2957 327 2982">
    <p class='ocr_par' dir='ltr' id='par_1_3' title="bbox 127 2957 327 2982">
     <span class='ocr_line' id='line_1_25' title="bbox 127 2957 327 2982; baseline 0.005 -4"><span class='ocrx_word' id='word_1_174' title='bbox 127 2957 327 2982; x_wconf 53' lang='grc' dir='ltr'><strong><em>Μ</em></strong></span> 
     </span>
    </p>
   </div>
   <div class='ocr_carea' id='block_1_4' title="bbox 124 3054 1143 3956">
    <p class='ocr_par' dir='ltr' id='par_1_4' title="bbox 191 3054 1143 3226">
     <span class='ocr_line' id='line_1_26' title="bbox 192 3054 1128 3134; baseline -0.001 -22"><span class='ocrx_word' id='word_1_175' title='bbox 192 3060 360 3131; x_wconf 79' lang='lat' dir='ltr'><strong>praesertim</strong></span> <span class='ocrx_word' id='word_1_176' title='bbox 380 3078 447 3115; x_wconf 88' lang='lat' dir='ltr'><strong>curn</strong></span> <span class='ocrx_word' id='word_1_177' title='bbox 462 3061 494 3115; x_wconf 86' lang='lat' dir='ltr'><strong>iu</strong></span> <span class='ocrx_word' id='word_1_178' title='bbox 509 3057 653 3134; x_wconf 86' lang='lat' dir='ltr'><strong>plerisque</strong></span> <span class='ocrx_word' id='word_1_179' title='bbox 666 3071 758 3119; x_wconf 79' lang='lat' dir='ltr'><strong>essent</strong></span> <span class='ocrx_word' id='word_1_180' title='bbox 774 3058 876 3130; x_wconf 85' lang='lat' dir='ltr'><strong>judicia</strong></span> <span class='ocrx_word' id='word_1_181' title='bbox 892 3056 1043 3127; x_wconf 80' lang='lat' dir='ltr'><strong>contraria,</strong></span> <span class='ocrx_word' id='word_1_182' title='bbox 1058 3054 1128 3129; x_wconf 77' lang='lat' dir='ltr'><strong>(prid</strong></span> 
     </span>
     <span class='ocr_line' id='line_1_27' title="bbox 191 3148 1143 3226; baseline -0.001 -21"><span class='ocrx_word' id='word_1_183' title='bbox 191 3167 331 3223; x_wconf 75' lang='lat' dir='ltr'><strong>quemque</strong></span> <span class='ocrx_word' id='word_1_184' title='bbox 347 3151 448 3222; x_wconf 87' lang='lat' dir='ltr'><strong>cuique</strong></span> <span class='ocrx_word' id='word_1_185' title='bbox 464 3154 599 3224; x_wconf 76' lang='lat' dir='ltr'><strong>praestari</strong></span> <span class='ocrx_word' id='word_1_186' title='bbox 616 3161 789 3226; x_wconf 84' lang='lat' dir='ltr'><strong>oporteret.”</strong></span> <span class='ocrx_word' id='word_1_187' title='bbox 814 3151 923 3222; x_wconf 85' lang='lat' dir='ltr'><strong>Quibus</strong></span> <span class='ocrx_word' id='word_1_188' title='bbox 940 3148 1049 3205; x_wconf 78' lang='lat' dir='ltr'><strong>ultimir</strong></span> <span class='ocrx_word' id='word_1_189' title='bbox 1061 3164 1143 3215; x_wconf 76' lang='lat' dir='ltr'><strong>ver·-¹</strong></span> 
     </span>
    </p>

    <p class='ocr_par' dir='ltr' id='par_1_5' title="bbox 191 3238 1132 3317">
     <span class='ocr_line' id='line_1_28' title="bbox 191 3238 1132 3317; baseline -0.001 -21"><span class='ocrx_word' id='word_1_190' title='bbox 191 3243 235 3296; x_wconf 83' lang='lat' dir='ltr'><strong>bis</strong></span> <span class='ocrx_word' id='word_1_191' title='bbox 251 3238 326 3295; x_wconf 80' lang='lat' dir='ltr'><strong>baud</strong></span> <span class='ocrx_word' id='word_1_192' title='bbox 343 3240 428 3297; x_wconf 85' lang='lat' dir='ltr'><strong>dubie</strong></span> <span class='ocrx_word' id='word_1_193' title='bbox 445 3243 482 3299; x_wconf 84' lang='lat' dir='ltr'><strong>rd</strong></span> <span class='ocrx_word' id='word_1_194' title='bbox 498 3247 740 3317; x_wconf 71' lang='lat' dir='ltr'><strong>compensatione</strong></span> <span class='ocrx_word' id='word_1_195' title='bbox 756 3242 856 3308; x_wconf 87' lang='lat' dir='ltr'><strong>rediit,</strong></span> <span class='ocrx_word' id='word_1_196' title='bbox 877 3241 912 3298; x_wconf 87' lang='lat' dir='ltr'><strong>de</strong></span> <span class='ocrx_word' id='word_1_197' title='bbox 934 3241 1040 3312; x_wconf 75' lang='lat' dir='ltr'><strong>quibus</strong></span> <span class='ocrx_word' id='word_1_198' title='bbox 1063 3251 1132 3312; x_wconf 81' lang='lat' dir='ltr'><strong>post</strong></span> 
     </span>
    </p>

    <p class='ocr_par' dir='ltr' id='par_1_6' title="bbox 124 3327 1131 3865">
     <span class='ocr_line' id='line_1_29' title="bbox 124 3327 1131 3412; baseline 0.003 -27"><span class='ocrx_word' id='word_1_199' title='bbox 124 3388 128 3398; x_wconf 74' lang='grc'><em>,</em></span> <span class='ocrx_word' id='word_1_200' title='bbox 163 3384 165 3389; x_wconf 87' lang='grc'>,</span> <span class='ocrx_word' id='word_1_201' title='bbox 190 3329 340 3385; x_wconf 78' lang='lat' dir='ltr'><strong>dicendum</strong></span> <span class='ocrx_word' id='word_1_202' title='bbox 357 3327 415 3400; x_wconf 63' lang='lat' dir='ltr'><strong>est}</strong></span> <span class='ocrx_word' id='word_1_203' title='bbox 431 3338 469 3391; x_wconf 80' lang='lat' dir='ltr'><strong>ci.</strong></span> <span class='ocrx_word' id='word_1_204' title='bbox 487 3335 586 3393; x_wconf 82' lang='lat' dir='ltr'><strong>Cicero</strong></span> <span class='ocrx_word' id='word_1_205' title='bbox 593 3339 666 3412; x_wconf 86' lang='lat' dir='ltr'><strong>Top.</strong></span> <span class='ocrx_word' id='word_1_206' title='bbox 678 3338 722 3394; x_wconf 87' lang='lat'><strong>17.</strong></span> <span class='ocrx_word' id='word_1_207' title='bbox 733 3364 769 3378; x_wconf 90' lang='lat'>—</span> <span class='ocrx_word' id='word_1_208' title='bbox 785 3332 920 3390; x_wconf 77' lang='lat' dir='ltr'><strong>Boethius</strong></span> <span class='ocrx_word' id='word_1_209' title='bbox 933 3331 973 3387; x_wconf 75' lang='lat' dir='ltr'><strong>ed</strong></span> <span class='ocrx_word' id='word_1_210' title='bbox 980 3332 1056 3405; x_wconf 86' lang='lat' dir='ltr'><strong>Top.</strong></span> <span class='ocrx_word' id='word_1_211' title='bbox 1065 3332 1131 3388; x_wconf 83' lang='lat' dir='ltr'><strong>Cic.</strong></span> 
     </span>
     <span class='ocr_line' id='line_1_30' title="bbox 154 3420 1130 3501; baseline 0.001 -24"><span class='ocrx_word' id='word_1_212' title='bbox 154 3421 160 3491; x_wconf 76' lang='lat' dir='ltr'>j</span> <span class='ocrx_word' id='word_1_213' title='bbox 191 3424 239 3485; x_wconf 86' lang='lat' dir='ltr'><strong>Vi,</strong></span> <span class='ocrx_word' id='word_1_214' title='bbox 252 3420 298 3475; x_wconf 81' lang='lat'><strong>22.</strong></span> <span class='ocrx_word' id='word_1_215' title='bbox 316 3437 467 3484; x_wconf 73' lang='lat' dir='ltr'><strong>memorate</strong></span> <span class='ocrx_word' id='word_1_216' title='bbox 484 3429 561 3496; x_wconf 85' lang='lat' dir='ltr'><strong>„Est</strong></span> <span class='ocrx_word' id='word_1_217' title='bbox 577 3431 652 3489; x_wconf 83' lang='lat' dir='ltr'><strong>euim</strong></span> <span class='ocrx_word' id='word_1_218' title='bbox 669 3426 936 3501; x_wconf 77' lang='lat' dir='ltr'><strong>jurisconsultorum</strong></span> <span class='ocrx_word' id='word_1_219' title='bbox 957 3423 1130 3497; x_wconf 83' lang='lat' dir='ltr'><strong>prudentias</strong></span> 
     </span>
     <span class='ocr_line' id='line_1_31' title="bbox 186 3511 1127 3593; baseline 0.006 -30"><span class='ocrx_word' id='word_1_220' title='bbox 186 3511 360 3593; x_wconf 72' lang='lat' dir='ltr'><strong>privatapum</strong></span> <span class='ocrx_word' id='word_1_221' title='bbox 377 3520 503 3589; x_wconf 83' lang='lat' dir='ltr'><strong>quaestio</strong></span> <span class='ocrx_word' id='word_1_222' title='bbox 519 3538 667 3577; x_wconf 74' lang='lat' dir='ltr'><strong>causarum</strong></span> <span class='ocrx_word' id='word_1_223' title='bbox 684 3521 804 3578; x_wconf 82' lang='lat' dir='ltr'><strong>maxime</strong></span> <span class='ocrx_word' id='word_1_224' title='bbox 820 3519 852 3572; x_wconf 87' lang='lat' dir='ltr'><strong>in</strong></span> <span class='ocrx_word' id='word_1_225' title='bbox 868 3515 926 3572; x_wconf 85' lang='lat' dir='ltr'><strong>illis</strong></span> <span class='ocrx_word' id='word_1_226' title='bbox 943 3515 1075 3586; x_wconf 71' lang='lat' dir='ltr'><strong>negotiis,</strong></span> <span class='ocrx_word' id='word_1_227' title='bbox 1094 3515 1127 3569; x_wconf 91' lang='lat' dir='ltr'><strong>iu</strong></span> 
     </span>
     <span class='ocr_line' id='line_1_32' title="bbox 187 3601 1127 3676; baseline 0.006 -21"><span class='ocrx_word' id='word_1_228' title='bbox 187 3601 291 3673; x_wconf 84' lang='lat' dir='ltr'><strong>quibus</strong></span> <span class='ocrx_word' id='word_1_229' title='bbox 308 3602 337 3664; x_wconf 84' lang='lat' dir='ltr'><strong>b.</strong></span> <span class='ocrx_word' id='word_1_230' title='bbox 355 3609 375 3663; x_wconf 80' lang='lat' dir='ltr'><strong>i.</strong></span> <span class='ocrx_word' id='word_1_231' title='bbox 393 3609 495 3676; x_wconf 79' lang='lat' dir='ltr'><strong>judicie</strong></span> <span class='ocrx_word' id='word_1_232' title='bbox 512 3623 673 3668; x_wconf 83' lang='lat' dir='ltr'><strong>nectuntur.</strong></span> <span class='ocrx_word' id='word_1_233' title='bbox 709 3611 765 3667; x_wconf 88' lang='lat' dir='ltr'><strong>Hic</strong></span> <span class='ocrx_word' id='word_1_234' title='bbox 782 3627 930 3666; x_wconf 87' lang='lat' dir='ltr'><strong>causarum</strong></span> <span class='ocrx_word' id='word_1_235' title='bbox 952 3607 1033 3662; x_wconf 83' lang='lat' dir='ltr'><strong>loeus</strong></span> <span class='ocrx_word' id='word_1_236' title='bbox 1056 3625 1127 3662; x_wconf 78' lang='lat' dir='ltr'><strong>exa-</strong></span> 
     </span>
     <span class='ocr_line' id='line_1_33' title="bbox 183 3693 1127 3775; baseline 0.007 -28"><span class='ocrx_word' id='word_1_237' title='bbox 183 3693 349 3754; x_wconf 70' lang='lat' dir='ltr'><strong>minabitur.</strong></span> <span class='ocrx_word' id='word_1_238' title='bbox 383 3702 417 3755; x_wconf 88' lang='lat' dir='ltr'><strong>ln</strong></span> <span class='ocrx_word' id='word_1_239' title='bbox 434 3701 478 3757; x_wconf 79' lang='lat' dir='ltr'><strong>liis</strong></span> <span class='ocrx_word' id='word_1_240' title='bbox 495 3704 582 3775; x_wconf 82' lang='lat' dir='ltr'><strong>igitur</strong></span> <span class='ocrx_word' id='word_1_241' title='bbox 595 3702 713 3773; x_wconf 74' lang='lat' dir='ltr'><strong>iudiciis,</strong></span> <span class='ocrx_word' id='word_1_242' title='bbox 732 3702 763 3754; x_wconf 89' lang='lat' dir='ltr'><strong>iu</strong></span> <span class='ocrx_word' id='word_1_243' title='bbox 779 3702 883 3773; x_wconf 80' lang='lat' dir='ltr'><strong>quibus</strong></span> <span class='ocrx_word' id='word_1_244' title='bbox 899 3698 1022 3767; x_wconf 82' lang='lat' dir='ltr'><strong>additur,</strong></span> <span class='ocrx_word' id='word_1_245' title='bbox 1041 3707 1075 3752; x_wconf 85' lang='grc' dir='ltr'><strong>ιιι</strong></span> <span class='ocrx_word' id='word_1_246' title='bbox 1090 3715 1127 3754; x_wconf 74' lang='lat' dir='ltr'><strong>ex</strong></span> 
     </span>
     <span class='ocr_line' id='line_1_34' title="bbox 183 3783 1126 3865; baseline 0.01 -27"><span class='ocrx_word' id='word_1_247' title='bbox 183 3783 259 3842; x_wconf 82' lang='lat' dir='ltr'><strong>bona</strong></span> <span class='ocrx_word' id='word_1_248' title='bbox 276 3787 332 3846; x_wconf 83' lang='lat' dir='ltr'><strong>fide</strong></span> <span class='ocrx_word' id='word_1_249' title='bbox 349 3791 508 3861; x_wconf 80' lang='lat' dir='ltr'><strong>judicent,”</strong></span> <span class='ocrx_word' id='word_1_250' title='bbox 527 3803 554 3849; x_wconf 87' lang='lat' dir='ltr'><strong>ct</strong></span> <span class='ocrx_word' id='word_1_251' title='bbox 567 3794 674 3865; x_wconf 70' lang='lat' dir='ltr'><strong>turpius</strong></span> <span class='ocrx_word' id='word_1_252' title='bbox 691 3791 794 3847; x_wconf 81' lang='lat' dir='ltr'><strong>ibidem</strong></span> <span class='ocrx_word' id='word_1_253' title='bbox 813 3793 847 3848; x_wconf 86' lang='lat' dir='ltr'><strong>de</strong></span> <span class='ocrx_word' id='word_1_254' title='bbox 864 3791 1027 3847; x_wconf 82' lang='lat' dir='ltr'><strong>difficultate</strong></span> <span class='ocrx_word' id='word_1_255' title='bbox 1045 3788 1126 3862; x_wconf 73' lang='lat' dir='ltr'><strong>judi-</strong></span> 
     </span>
    </p>

    <p class='ocr_par' dir='ltr' id='par_1_7' title="bbox 186 3878 971 3956">
     <span class='ocr_line' id='line_1_35' title="bbox 186 3878 971 3956; baseline 0.006 -25"><span class='ocrx_word' id='word_1_256' title='bbox 186 3878 268 3934; x_wconf 80' lang='lat' dir='ltr'><strong>caudi</strong></span> <span class='ocrx_word' id='word_1_257' title='bbox 286 3882 317 3939; x_wconf 88' lang='lat' dir='ltr'><strong>iu</strong></span> <span class='ocrx_word' id='word_1_258' title='bbox 334 3883 361 3939; x_wconf 79' lang='lat' dir='ltr'><strong>b.</strong></span> <span class='ocrx_word' id='word_1_259' title='bbox 380 3882 399 3943; x_wconf 81' lang='lat' dir='ltr'><strong>i.</strong></span> <span class='ocrx_word' id='word_1_260' title='bbox 418 3886 526 3954; x_wconf 82' lang='lat' dir='ltr'><strong>judiciis</strong></span> <span class='ocrx_word' id='word_1_261' title='bbox 546 3884 726 3951; x_wconf 79' lang='lat' dir='ltr'><strong>dictumest,</strong></span> <span class='ocrx_word' id='word_1_262' title='bbox 745 3883 781 3940; x_wconf 79' lang='lat' dir='ltr'><strong>ci.</strong></span> <span class='ocrx_word' id='word_1_263' title='bbox 799 3885 847 3942; x_wconf 77' lang='lat' dir='ltr'><strong>Vl.</strong></span> <span class='ocrx_word' id='word_1_264' title='bbox 867 3901 926 3956; x_wconf 75' lang='lat' dir='ltr'><strong>cap.</strong></span> <span class='ocrx_word' id='word_1_265' title='bbox 944 3882 971 3937; x_wconf 82' lang='lat'><strong>7.</strong></span> 
     </span>
    </p>
   </div>
   <div class='ocr_carea' id='block_1_5' title="bbox 0 0 1204 4328">
    <p class='ocr_par' dir='ltr' id='par_1_8' title="bbox 0 0 1204 4328">
     <span class='ocr_line' id='line_1_36' title="bbox 0 0 1204 4328; baseline 0 9"><span class='ocrx_word' id='word_1_266' title='bbox 0 0 1204 4328; x_wconf 95' lang='lat' dir='ltr'><strong> </strong></span> 
     </span>
    </p>
   </div>
  </div>
 </body>
</html>
