2400 4328
516 43 524 82 t

538 155 773 219 ...26-

156 333 261 406 justae
282 325 592 412 comprehensionis,
630 345 672 386 an
693 336 829 407 testem,
863 328 898 391 in
926 304 990 411 via,
1007 350 1043 395 se
1064 352 1164 400 reum

154 434 405 525 deprehendisse
425 437 552 501 nescio:
590 446 623 497 et
644 436 798 530 omnino,
822 459 864 502 an
886 442 1086 506 solennitatis
1109 457 1164 511 te-

154 549 213 616 stis
238 546 382 626 adesset,
420 568 461 610 an
487 548 685 632 probationis
715 567 824 627 causa,
862 548 996 616 dubium
1028 566 1079 618 est
1105 553 1159 641 ⁹).

100 751 103 754 ξ
152 658 272 723 Notum
294 666 402 720 autem
423 656 541 736 estse
555 657 649 720 domo
671 675 744 734 sua,
769 659 862 742 quasi
880 665 1060 727 certissimo
1079 687 1159 751 per.

151 769 261 849 fugio,
285 770 448 854 neminem
469 772 614 856 potuisse
635 770 670 831 in
692 773 743 848 jus
764 773 906 855 pertrahi
931 771 1005 858 Ι·0);
1029 773 1069 839 de
1093 799 1160 863 qua

149 879 257 958 injus
278 881 447 944 vocatione
470 882 578 944 scribit
601 878 744 953 Gellius,
784 883 959 964 quemlibet
988 899 1043 950 aut
1066 910 1157 953 mor·

148 989 208 1068 bo,
224 1002 287 1073 ,aut
309 983 432 1071 aetate,
455 994 560 1055 aliave
581 992 712 1053 ratione·
726 987 933 1075 impeditum,
958 1016 1020 1080 quo
1041 998 1156 1062 minus

148 1113 256 1186 posset
276 1105 343 1181 ire,
364 1092 569 1182 jumen'to‘in
590 1107 640 1182 jus
663 1100 736 1166 duci
759 1105 901 1186 quivisse
926 1108 960 1142 ²³
974 1105 1006 1191 ),
1037 1111 1104 1172 nisi
1127 1112 1154 1175 si

65 1297 68 1303 ¹
144 1288 345 1310 m

213 1407 299 1461 quam
315 1400 458 1462 tangentes
476 1395 684 1448 anteslemur.'¹
720 1391 824 1446 Eadem
841 1394 890 1448 res
903 1393 994 1450 adhuc
1010 1387 1073 1452 aliis
1091 1415 1152 1455 cer-

153 1540 157 1548 „
211 1482 328 1538 tissimis
344 1485 511 1555 testimoniis
529 1482 646 1556 probata
663 1494 705 1538 eat
722 1485 903 1556 scripturum,
921 1489 996 1540 inter
1008 1505 1151 1561 quospre·

210 1574 282 1628 tium
302 1576 339 1629 sit
362 1575 491 1630 laudarer
522 1576 679 1645 Virgilium
702 1576 769 1629 Eclo
824 1578 865 1638 V,
889 1576 914 1631 3.
959 1582 1090 1635 Senecam
1116 1584 1150 1634 d,-

212 1666 327 1721 benefic.
346 1668 398 1732 IV,
415 1668 458 1723 36.
486 1671 528 1732 V,
545 1667 572 1720 7.
609 1670 714 1720 Acron.
731 1669 764 1721 ad
784 1666 883 1721 lui-at.
903 1672 992 1739 Satyr.
1013 1672 1046 1733 l,
1059 1672 1084 1740 9,
1102 1672 1148 1728 97.

212 1758 332 1817 Verrem.
352 1749 427 1830 apud
445 1759 522 1812 Nun.
541 1761 571 1810 in
592 1779 616 1811 ν.
642 1757 821 1822 „curriculus
830 1762 862 1825 ”,
895 1773 921 1814 et
946 1765 1019 1814 inter
1046 1740 1147 1834 fragm.

79 1853 81 1856 ’
169 1865 173 1871 ·
210 1851 343 1905 Varronis
360 1867 423 1920 pag.
442 1848 484 1902 15.
504 1849 569 1904 edit.
588 1848 695 1916 Scalig.;
710 1849 748 1902 'a‘d
765 1867 850 1916 quam
873 1869 932 1904 rem
951 1853 1024 1905 redit
1048 1854 1148 1924 Ulpia·

74 1938 76 1943 ’
163 1970 179 1995 ·,
208 1958 262 2012 nubs
280 1941 327 1995 tib.
345 1939 390 1994 40.
410 1939 444 1992 ad
462 1940 573 2001 Sabin,;
594 1942 652 2004 ejus
669 1939 751 1994 dicte,
771 1939 802 1989 in
819 1940 876 2004 lege
893 1940 936 1991 21.
956 1942 991 1991 D.
1011 1943 1044 1993 de
1063 1944 1149 2000 furtis

206 2023 316 2096 relicta,
340 2040 405 2083 suut
422 2029 503 2082 baec:
533 2045 623 2093 „nam
641 2037 682 2090 et,
707 2029 755 2096 qui
780 2045 875 2079 eurem
900 2028 1016 2096 alicujus
1038 2035 1149 2105 tetigit,

205 2122 299 2192 inquit
316 2121 477 2182 Trebatius,
500 2128 590 2172 tutum
608 2117 719 2172 videtur
736 2135 799 2170 eum
817 2118 946 2186 tetigisse.
957 2121 975 2148 ’⁸

139 2213 174 2279 ⁹)
201 2212 311 2268 Dubius
331 2230 407 2277 sum,
423 2230 460 2267 en
477 2213 556 2266 testis
575 2211 716 2281 litigantes
733 2210 763 2262 in
780 2211 824 2279 jus
841 2219 1022 2279 sequeretur,
1046 2228 1149 2274 necno,

83 2351 84 2354 ,
137 2304 189 2374 ²⁰)
214 2303 311 2376 Cicero
329 2322 381 2377 pro
398 2304 484 2362 domo
502 2322 527 2360 c.
545 2305 589 2360 41.
621 2301 779 2359 1.103.D.
805 2301 838 2355 de
856 2301 942 2371 regul.
960 2305 1026 2370 jur..
1059 2305 1078 2359 1.
1100 2311 1146 2366 18
1190 2302 1192 2307 ’

202 2397 240 2454 D.
266 2396 299 2452 de
324 2398 420 2467 injus
446 2396 587 2453 vocando:
622 2395 778 2463 „Plerique
800 2403 950 2462 putarunt,
974 2394 1086 2453 nullum
1111 2402 1146 2455 de
1189 2378 1192 2445 ξ

204 2487 288 2543 domu
306 2506 356 2545 sua
371 2491 410 2548 ,in
427 2490 471 2558 jus
494 2487 588 2542 vocari
612 2484 714 2540 litere:
748 2485 814 2556 quia
839 2486 941 2538 domus
970 2487 1145 2546 tutissimum
1190 2464 1192 2481 Ι

203 2580 305 2652 cuique
318 2579 459 2648 retugium
477 2588 560 2648 atque
577 2560 785 2646 receptaculum
804 2577 855 2628 sit:
874 2594 1010 2647 eumque,
1029 2581 1079 2649 qni
1097 2578 1153 2637 in-¹

202 2669 236 2726 de
253 2670 343 2740 injus
361 2679 489 2733 vocaret,
514 2669 571 2721 vim
587 2667 691 2720 inl'erre
714 2667 836 2732 videri'',
871 2665 891 2720 l.
909 2668 951 2723 21.
971 2667 1049 2725 eud:
1076 2683 1144 2739 „ta-

199 2777 266 2814 men
290 2761 337 2818 de,
355 2760 439 2813 dumo
462 2778 510 2813 sua
540 2776 623 2813 nemo
646 2757 752 2812 extrahi
777 2758 902 2823 debet,''
945 2759 966 2813 1.
996 2762 1041 2816 19.
1074 2766 1136 2821 eud.

51 2886 54 2892 ·
113 2917 119 2923 ,
200 2851 292 2906 Etiam
311 2851 490 2921 transigendo
510 2859 619 2921 poterat
642 2851 707 2920 quis
729 2850 764 2903 ab
789 2853 818 2902 in
842 2852 886 2918 jus
902 2856 1053 2906 ¹vocatione
1072 2830 1153 2911 line-'-

133 2971 158 2997 .-
200 2947 276 2998 rari.-
300 2943 321 2999 l.
341 2943 384 3001 22.
410 2943 431 3011 §0
450 2943 475 2997 1.
495 2942 534 2995 D.
560 2941 594 2995 de
611 2943 641 2995 in
658 2943 701 3010 jus
721 2942 870 3006 vocando,
892 2943 941 2996 ubi
960 2943 1143 3016 baeclegun-

199 3046 261 3090 turs
281 3036 356 3107 „qui
374 3036 465 3103 injus
484 3044 597 3087 vocatus
615 3043 669 3097 est,
694 3031 802 3086 du'nbus
828 3033 942 3087 casibus
956 3034 1143 3094 dimittendus

197 3120 255 3181 esta
279 3123 302 3183 si
320 3126 384 3199 quis
400 3127 459 3196 ejus
477 3143 626 3198 persenam
644 3123 788 3178 desendet:
810 3133 838 3178 et
856 3126 881 3178 si
899 3125 966 3180 dum
984 3129 1073 3198 injus
1093 3151 1143 3187 ve.

198 3220 285 3285 nitur,
304 3218 338 3273 de
356 3237 387 3272 rs
405 3227 577 3272 transactum
595 3217 687 3272 fuerit.
699 3225 727 3275 ”.

96 3321 98 3326 ·
130 3307 179 3377 ¹¹)
198 3296 406 3382 Gelliusihll.
425 3292 545 3388 Mill,
565 3306 605 3366 tn
635 3307 737 3381 „quod
756 3308 780 3365 si
799 3308 903 3370 homo,
928 3307 959 3360 in
983 3310 1026 3377 jus
1049 3327 1141 3365 vuca-

194 3409 258 3466 tus,
282 3402 383 3455 morbo
404 3413 452 3457 aut
474 3410 561 3455 aetate
585 3418 680 3472 aeger,
704 3400 740 3455 ad
762 3399 975 3471 ingrediendum
997 3399 1166 3458 invalidue'

174 3522 177 3529 ·
197 3485 253 3556 est,
281 3501 378 3548 arcera
402 3487 464 3548 nun¹
478 3494 629 3556 sternitur,
657 3477 782 3563 sedipse
798 3487 941 3554 aufertur,
964 3501 991 3543 et
1007 3492 1140 3560 jumento

164 3570 174 3602 ⁶
195 3584 365 3656 imponitur,
388 3586 473 3658 alque
491 3603 522 3639 er
541 3585 626 3639 dumo
645 3601 696 3638 sua
712 3582 747 3638 ad
764 3585 925 3655 Praetorem
942 3582 972 3634 in
989 3582 1140 3640 comitium

196 3677 393 3732 nuvaiuneris
413 3679 481 3732 lacie
498 3674 623 3732 affertur.
666 3674 760 3746 Quam
778 3675 853 3728 enim
871 3674 908 3728 oh
926 3690 1038 3728 causam
1056 3692 1139 3730 mor-

197 3764 236 3821 ho
254 3766 371 3824 affectus
387 3783 413 3824 et
430 3770 464 3824 ad
483 3765 709 3840 respondendum
732 3780 938 3839 proaeseuon
956 3764 1074 3819 idoneus
1093 3768 1139 3836 ju·

98 3921 101 3928 ¹
194 3871 289 3916 manto
307 3861 469 3926 adhaerens,
489 3862 518 3915 in
536 3862 579 3930 jus
597 3857 754 3915 adversario
772 3857 962 3934 deportatur.”
999 3855 1081 3928 Quae
1096 3867 1141 3915 ta·
