2400 4328
381 116 658 262 fra-

71 325 157 419 apud
179 336 214 388 te
236 321 330 400 volo,
345 319 454 382 ‘ambo
481 311 649 395 adestis;”
689 311 800 399 ibique
830 314 1040 402 paulopost:

22 494 26 499 .
78 487 101 524 „
109 439 153 503 Et
180 454 261 498 cum
297 427 484 511 adjudices
519 421 735 507 conjiciendee
763 422 1045 510 consistendaeque

53 530 193 617 'causae
224 543 330 624 gratia
356 538 548 622 venisset;’'
586 536 639 601 cui
669 532 768 599 addas
797 532 880 607 dicta
908 538 1046 600 auctoris

72 665 139 728 alio
160 660 237 722 loco
259 656 325 742 lib.
346 651 466 718 XN.:
504 669 612 731 „nam
641 646 702 712 etsi
731 647 863 711 consilis
890 647 1048 739 judicibus

74 795 120 838 ex
141 766 370 858 praesentium
391 783 559 829 causarum
589 770 675 823 statu
699 756 854 846 capienda
876 771 1050 840 suntrge-

78 881 208 948 neralia
222 888 335 939 tamen
350 874 506 959 quaedam
521 871 723 959 praemonita
735 882 767 935 et
776 878 948 958 praecepta
964 880 1050 950 sunt,

86 993 207 1079 quibus
225 994 303 1049 ante
324 1003 452 1046 causam
473 983 668 1072 praemoniti
681 984 926 1069 praepararique
945 980 986 1045 ad
998 985 1052 1045 in-

91 1113 195 1165 certos
217 1116 311 1161 casus
334 1091 484 1160 debeat.”
524 1085 655 1158 Etenim
683 1114 756 1158 cum
784 1093 904 1157 diceret
932 1105 1052 1174 auctor,

92 1209 228 1295 judicem
250 1227 270 1268 a
301 1206 514 1287 litigatoribus
542 1207 761 1293 praemoneri,
795 1205 830 1267 id
859 1217 985 1269 tantum
1015 1204 1069 1289 del

95 1307 205 1387 musae
227 1318 419 1381 collectione
447 1317 567 1382 dixisse
587 1328 711 1404 potest:
749 1338 831 1403 quae
857 1320 946 1382 enirn
980 1328 1057 1382 ante

89 1431 331 1521 'perorationem
353 1441 423 1493 erat
447 1432 482 1469 n
495 1428 518 1514 ).
575 1432 577 1437 ’

122 1530 203 1605 ¹⁷'Sed
226 1539 269 1603 de
289 1542 404 1604 causae
426 1542 614 1604 collectione
635 1538 825 1618 distinctius,
849 1538 932 1624 qnod
944 1525 1058 1617 sentio,

53 1655 236 1720 enuntiem.
278 1650 448 1716 Probabile
467 1652 566 1733 igitur
584 1652 639 1729 fit,
661 1661 730 1712 tam
746 1656 843 1711 testes
864 1651 910 1712 ibi
925 1648 1063 1737 produc-

55 1780 112 1830 tos
134 1776 228 1840 esse,
252 1782 348 1846 quam
367 1762 581 1826 instrumenta
601 1761 808 1848 percognita.
826 1760 913 1843 *Non
933 1761 1064 1847 quidem

43 1881 153 1963 ¹locos
175 1886 240 1954 est,
265 1875 319 1961 qui
340 1875 447 1938 verbis
467 1872 503 1936 id
524 1874 641 1959 apertis
664 1867 859 1956 moreest),
881 1863 990 1948 tamen
1012 1896 1064 1938 res

59 1975 261 2070 argumentis
288 1988 366 2049 satis
395 1984 544 2049 efficitur.
604 1983 764 2048 Certiores
793 1985 881 2049 enim
909 1984 1068 2050 debebant

58 2099 135 2165 iieri
152 2099 331 2179 litigatores
351 2094 392 2166 de
411 2096 579 2160 contrariis
607 2094 782 2161 adversarii
808 2098 1068 2182 probationibus;

62 2229 176 2294 neque
197 2188 289 2270 enim
310 2189 402 2268 aliter
420 2205 615 2271 desiderium
642 2211 711 2286 ejus
739 2208 879 2270 refutare
907 2216 1068 2293 poterant,

71 2339 152 2393 corn
171 2325 249 2403 post
259 2306 495 2400 ¹perorationem
516 2318 632 2381 actoris
654 2319 764 2381 statim
785 2318 941 2401 inciperet
957 2316 1073 2382 adver·

66 2429 179 2495 sarius
201 2414 328 2490 causam
349 2424 537 2512 defendere3
568 2428 657 2491 nulla
685 2440 793 2492 autem
820 2427 964 2513 alioquin
992 2429 1076 2490 foret

66 2521 200 2607 occasio
218 2539 423 2626 probationes
442 2538 655 2627 inspiciendi;
676 2553 772 2627 atque
792 2537 880 2601 baud
901 2560 973 2602 raro
990 2549 1077 2602 actor

67 2655 122 2720 rei
142 2650 351 2741 probationes
364 2672 518 2739 perorans
538 2651 711 2732 refutavit3
730 2650 827 2739 idque
848 2634 977 2740 necesse
995 2661 1075 2725 erat,

70 2786 150 2834 oum
168 2758 261 2831 more
281 2759 372 2829 haud
393 2762 521 2851 saepias
542 2768 639 2849 quant
660 2764 762 2827 semel
781 2785 833 2830 res
850 2757 1077 2846 oraretursst).

72 2952 289 2980 Μ

75 3059 132 3131 ²¹)
148 3039 243 3115 Etiam
259 3053 405 3112 addendus
422 3065 464 3112 est
477 3065 577 3112 auctor
591 3054 628 3110 sd
644 3052 819 3111 Herennium
833 3049 870 3118 11,
888 3051 940 3114 13..
958 3051 1007 3122 qai
1019 3068 1084 3107 nar.

50 3206 53 3211 .
151 3158 199 3206 rat
214 3147 306 3205 hisce:
331 3148 386 3215 „ni
404 3155 527 3220 pigent,
544 3150 575 3202 in
592 3148 724 3213 comitio,
747 3154 797 3199 sut
813 3146 843 3198 in
862 3142 926 3197 loro
944 3151 1008 3196 ante
1021 3160 1085 3219 “me-

157 3239 258 3301 ridiem
275 3257 388 3295 causam
404 3241 571 3312 conjicitot’.
603 3240 676 3293 Sane
697 3237 782 3293 verbs
804 3235 964 3294 tabularum
986 3245 1089 3291 conto·

156 3330 319 3398 lit‚'tamsn
343 3331 378 3386 ds
400 3348 453 3386 suo
470 3341 597 3404 tempore
619 3330 754 3387 exhibuit.
847 3403 849 3407 .

81 3422 123 3497 ‘J
139 3423 206 3481 Nisi
222 3422 294 3479 torte
311 3432 410 3496 aperte
428 3423 466 3479 sit
480 3424 548 3478 fides
566 3422 696 3477 Ciceroni
712 3422 743 3475 in
760 3419 842 3478 Verr.
860 3419 904 3484 11,
926 3416 971 3474 30.
1003 3428 1090 3486 „tum

154 3524 271 3588 repente
283 3517 336 3571 iste
345 3526 429 3571 testes
445 3516 525 3572 citari
541 3515 625 3586 jubett
643 3513 711 3566 dicit
725 3530 800 3568 nnus
815 3520 842 3566 et
855 3510 926 3566 alter
939 3510 1092 3570 breviter·’.
1136 3574 1138 3578 ¹

85 3611 139 3682 Ι.)
165 3609 214 3664 De
229 3607 446 3679 probationibus
463 3612 596 3681 persaepe
610 3605 725 3660 mentio
745 3613 787 3659 est
807 3604 839 3657 in
857 3601 1094 3673 perorationibus,

96 3742 101 3751 .
158 3709 191 3757 et
203 3699 371 3768 recitantur,
390 3707 419 3754 et
441 3700 602 3757 resumetur
618 3695 769 3754 adversarii
789 3693 957 3748 testimonis.
985 3685 1095 3750 ,Cicero
1149 3687 1151 3691 ’

159 3808 219 3865 pro
235 3778 354 3847 Caecibs
379 3791 482 3848 c.1o.=
514 3792 597 3858 „duo
614 3799 754 3862 praeterea
771 3795 855 3842 testes
872 3785 914 3841 oil
931 3784 966 3839 de
987 3785 1026 3848 vi,
1047 3780 1097 3838 'sed
1153 3778 1156 3784 ’

51 3918 54 3923 ·
162 3884 198 3936 de
216 3883 277 3955 ipsa
293 3883 417 3940 emtione
432 3882 515 3941 fundi
532 3883 703 3948 dixerunt”;
721 3880 795 3939 ibid.
814 3896 839 3935 c.
861 3878 899 3932 b:
931 3875 1024 3942 „hs'ec
1046 3891 1103 3942 ego
