2400 4328
525 125 579 191 ’-
623 141 687 207 118
725 180 771 197 ..

154 326 262 389 luntas
291 317 547 414 contrahentium
573 313 814 402 interpretanda
843 327 939 383 esset.
984 316 1164 411 Quaprop-

154 446 206 499 ter
234 452 308 496 cnm
332 430 498 491 neminem
525 424 626 508 judex
646 425 862 505 condemnare
880 440 1010 514 posset,
1042 433 1114 496 nisi
1134 436 1167 497 in

3 520 7 527 ⁸
77 611 80 615 ⁴
157 544 210 622 id,
246 537 331 626 quod
351 540 514 627 litigantes
537 534 684 601 dixerant
712 538 843 602 daturos
864 559 915 613 ee,
947 548 1005 601 aut
1024 541 1167 607 facturos

157 672 229 717 esee
241 667 256 713 z·
280 646 369 712 haud
389 649 528 734 amplius
550 645 726 729 dubitabis,
759 649 837 733 quin
857 649 893 712 in
914 650 1027 715 stricto
1048 638 1168 731 judidio

158 762 272 848 culpae
294 759 385 823 nulla
408 762 450 823 eit
468 761 652 846 praestatio,
675 759 708 825 id
723 758 949 846 quodreteres
966 777 1168 847 agnoscunt3

157 874 314 958 scriptum
335 874 424 935 enim
445 884 514 940 est:
549 899 558 906 -
833 866 836 873 ’
882 932 885 939 .

150 968 156 978 ’
201 1004 276 1064 „en
305 984 415 1070 culpa,
447 981 532 1068 quod
555 977 596 1042 ad
617 978 860 1070 stipulationem
881 978 1016 1060 attinet,
1046 983 1085 1047 in
1103 1007 1168 1050 non

201 1081 349 1158 faciendo
371 1081 562 1180 accipienda
575 1093 628 1171 sit,
653 1111 695 1155 an
716 1092 752 1154 in
773 1088 945 1187 sapiendo?
977 1089 1083 1173 Quod
1101 1116 1167 1160 ma.

204 1204 253 1282 gis
275 1203 476 1288 probandum
497 1216 557 1284 est,
581 1203 667 1289 quia,
690 1204 747 1288 qni
767 1202 927 1288 promisit,
949 1201 1165 1287 addendum,
1193 1250 1197 1257 ·

204 1335 272 1376 non
292 1316 476 1380 faciendum
497 1325 636 1380 tenetur.
648 1312 669 1344 ’'
695 1311 747 1396 ¹⁹)
988 1331 996 1351 ·

163 1420 245 1488 Cum
272 1446 351 1488 vero
373 1426 664 1511 stipulatio‘stricti
683 1424 765 1501 juris
787 1424 846 1502 sit,
878 1424 1082 1511 perspicuum
1104 1441 1193 1512 est,¹

160 1537 217 1598 nic
251 1533 292 1599 de
321 1537 431 1617 euicto
456 1538 529 1622 jure
558 1535 760 1598 mentionem
789 1535 918 1605 factam.
960 1530 1071 1622 lleqne
1089 1541 1166 1623 jam

163 1633 483 1737 sugit-quemquam,
514 1647 641 1735 culpam
662 1665 829 1732 nunquam
849 1646 885 1706 in
904 1642 1023 1711 strictio
1043 1646 1171 1728 judiciis

164 1759 339 1844 praestari,
365 1757 429 1841 nisi
451 1757 479 1817 si
498 1769 574 1818 ante
603 1755 644 1820 de
664 1779 703 1822 ea
735 1751 926 1844 praestanda
947 1761 1170 1827 contrahentes

164 1869 393 1934 conuenissent
418 1865 481 1948 ²⁰).
527 1863 614 1932 Turn
640 1891 720 1934 vero
748 1867 834 1931 nora
860 1866 1024 1935 iniebatur
1053 1875 1170 1958 obliga-

164 1979 229 2056 tio,
263 1990 296 2041 et
327 1998 370 2041 ex
399 1977 554 2063 stipulatu
576 1991 644 2043 erat
666 1977 843 2059 agendum,
867 1993 930 2058 quo
951 1981 1168 2070 strictumque

167 2088 198 2149 ei
219 2108 285 2152 non
306 2086 461 2168 deletum,
484 2074 594 2154 tamen
615 2087 815 2152 circumitum
835 2095 913 2146 erat.
1196 2138 1199 2149 .

249 2199 438 2288 Antequam
477 2201 518 2264 ad
554 2214 656 2266 cetera
688 2195 892 2286 perveniam,
936 2194 978 2263 de
1010 2201 1168 2275 Aedilicio

166 2306 269 2374 edicto
291 2325 375 2397 sunt,
395 2315 478 2376 milri
507 2312 662 2377 nonnulla
683 2304 839 2372 addenda.
889 2304 958 2388 Qui
986 2316 1086 2389 enim,
1099 2323 1169 2384 reti-

121 2498 126 2507 ,
168 2420 285 2483 ruisset
293 2469 303 2500 ,
326 2424 412 2508 qnod
434 2427 514 2488 scire
536 2423 683 2496 deberet,
708 2407 749 2481 de
769 2416 924 2499 sanitate,
949 2422 1047 2505 suga,
1070 2429 1168 2509 finnio,

168 2541 310 2612 praestet
337 2534 440 2599 edicto
468 2534 656 2608 Aedilium
699 2539 733 2591 et
762 2541 832 2592 erat
852 2541 1002 2612 cautum,
1037 2561 1082 2603 ne
1101 2519 1169 2627 quie

169 2642 308 2722 astutia,
331 2649 474 2725 malitia,
497 2640 760 2718 dissimulatione·
774 2643 1031 2728 intelligentiae,
1052 2651 1167 2731 fraude,
1199 2705 1200 2710 ,

171 2745 248 2812 dolo
270 2765 303 2816 et
324 2759 417 2844 culpa
439 2776 496 2818 sua
518 2753 610 2845 alteri
632 2746 788 2814 damnum
811 2752 915 2832 daret,
947 2775 1007 2818 nec
1029 2779 1075 2822 ex
1094 2762 1170 2823 alte-

171 2860 238 2923 riue
260 2864 466 2950 praedaretur
486 2861 672 2925 inscientia·
710 2858 783 2925 Jam
806 2885 902 2942 vero,
926 2885 1001 2929 cum
1020 2865 1122 2947 judex
1140 2870 1172 2931 in
1199 2931 1200 2937 ,

170 2970 275 3038 bonae
304 2973 381 3037 fidei
401 2970 528 3052 judiciis
549 2972 630 3053 juris
657 2974 799 3037 rationes
820 2968 1014 3062 inquireret,
1032 2981 1175 3069 jurisque

171 3081 340 3147 adhiberet
358 3084 485 3165 regulas
508 3086 627 3169 absque
648 3083 722 3145 ullis
744 3085 859 3167 frenis,
882 3109 950 3150 non
971 3091 1175 3176 poteratne-

172 3194 212 3271 ri,
225 3191 399 3276 quininiis
419 3176 516 3276 liujus¹
539 3191 634 3287 edicti
656 3195 784 3276 regulae
806 3210 1047 3285 usurparentur.
1070 3197 1184 3282 Quare

173 3311 298 3390 poterat
319 3306 453 3391 quisque
474 3307 555 3368 emti
574 3307 749 3373 actionibus
771 3312 956 3396 agere,.-qui
976 3312 1018 3377 ab
1041 3314 1174 3379 ennom

174 3488 376 3510 m

102 3596 105 3607 ’
181 3615 656 3691 mammonae-

117 3784 119 3789 Α
178 3707 232 3770 ²⁰>
250 3709 384 3781 Regulam
410 3712 485 3765 enim
512 3712 569 3766 edit
591 3714 611 3768 1.
629 3710 672 3767 88.
690 3711 727 3766 Ι).
747 3712 780 3767 de
796 3721 888 3782 negot.
904 3723 1002 3787 gesta
1016 3718 1116 3790 „quin
1128 3724 1167 3770 tu

243 3803 360 3858 tondem
378 3804 408 3855 in
426 3803 517 3857 bonae
527 3802 593 3857 fidei
611 3803 720 3873 judiciis
738 3805 861 3859 officium
879 3804 980 3873 jndicio
997 3809 1085 3873 valet,
1110 3831 1161 3853 ἰ’»ν
1180 3825 1181 3830 ’
