2406 4328
466 134 702 203 ..301-

533 310 558 391 ι
592 307 657 374 Ι39.

175 397 312 499 liuline,
334 438 408 483 com
424 428 520 482 'esset
534 418 648 504 populi
664 416 833 493 tribunus,
855 416 1092 500 legam-»intro-

94 533 196 599 mitiis
216 531 344 592 tributis
364 539 529 610 rogaverat
549 528 723 608 agrariam,
755 540 791 589 ut
811 524 1094 616 agripubbbitd}

94 643 321 746 venderentur,
341 638 500 723 simulque
520 642 669 717 jusserat,
681 648 716 701 ut
737 639 807 718 ejus
827 650 993 705 curatores
1007 657 1092 701 crea-

93 739 205 821 rentur
225 748 410 815 decemviri.
440 744 548 829 Quam
568 768 638 813 rem
660 746 862 835 summopere
884 724 1006 849 Cicero
1009 747 1095 849 Gon·
1144 772 1148 779 ·

95 868 148 931 sul
158 858 332 939 dissuadet
354 869 426 921 tum
446 868 577 945 propter
598 848 676 921 ilias
698 878 818 939 causas,
834 838 1094 949 turnpropteren',

97 975 184 1063 quod
203 971 323 1039 Rullus
347 967 480 1031 voluit
469 988 539 1055 ipse
560 988 632 1033 esse
651 968 689 1033 in
700 967 963 1041 decemvirorum
982 980 1098 1045 nurne-

99 1111 147 1167 ro,
169 1085 293 1173 primus
315 1077 472 1157 omnium,
496 1081 586 1165 qnasi
607 1080 728 1151 unicus
742 1081 823 1177 legis
844 1083 986 1175 agrariae
1006 1080 1098 1159 cura·

101 1210 164 1261 tor
204 1194 305 1271 Haec,
327 1210 408 1277 quae
428 1193 495 1271 jam
514 1192 637 1271 monui,
659 1212 771 1255 ansam
791 1172 948 1259 dederunt
969 1191 1097 1289 Cicero·

103 1308 139 1371 ni
158 1315 265 1395 ιιιιιιιιι
284 1300 420 1367 Rullum
445 1298 629 1413 perorandi.
670 1300 802 1383 Abhinc
831 1305 936 1379 omnis
962 1286 1098 1403 sequens
1162 1324 1168 1335 ·

103 1390 274 1505 disputatio
293 1396 492 1476 aestimanda
511 1410 580 1490 erit,
604 1430 678 1473 oum
697 1415 811 1479 unicus
831 1418 901 1481 fere
916 1415 965 1483 ιιι
987 1410 1104 1495 (liceto¹

103 1530 152 1594 rei
172 1539 291 1591 auctor.
336 1521 438 1585 Erant
458 1532 567 1586 autem
585 1524 623 1586 bi
644 1504 818 1589 decemviri
838 1502 997 1606 eligendi,
1025 1524 1100 1609 qui-

102 1644 163 1705 bus
193 1634 357 1702 sunima'
345 1657 382 1698 ιιι
406 1634 500 1696 rebus
520 1632 646 1721 publice
666 1621 843 1700 vendendis
863 1628 1005 1723 potestas
1026 1650 1116 1721 per--

104 1746 204 1829 missa
223 1758 323 1827 esset,
354 1756 508 1830 erantque
525 1746 563 1810 ἰιι
583 1754 760 1826 curatores,
790 1757 823 1811 et
843 1743 1103 1834 praesiderant·
1190 1822 1194 1831 ι

106 1866 232 1926 tionum
252 1854 477 1923 constituendi.
522 1852 629 1939 Quam
650 1878 721 1922 rem
741 1856 915 1921 accuratius
936 1860 1103 1944 exprim

108 1973 184 2040 dam
205 1970 244 2038 eo
266 1968 362 2048 duxi,
394 1964 480 2054 quod
506 1970 546 2031 ab
559 1960 635 2033 'aliis
657 1970 753 2057 plane
774 1966 1129 2051 οιιιιιίιιιιι·ιιιιιιιιιιι.ι

193 2082 400 2149 Decemviros
426 2080 473 2143 ita
497 2080 736 2146 venditionibus
764 2078 900 2167 publicis
927 2080 1106 2166 praefuisse

111 2195 307 2283 reperimus,
335 2201 389 2272 nt,
419 2188 504 2277 quod
525 2191 667 2276 alioquin
686 2202 836 2276 apparet,
868 2190 982 2253 hastae
1011 2202 1107 2278 proe-

114 2302 199 2369 sides
227 2311 326 2365 erant.
391 2298 571 2365 Liberrima
598 2298 688 2362 bisce
714 2296 784 2361 'erat
811 2308 972 2384 potestas,
987 2312 1055 2363 'nt
1069 2301 1108 2365 in

113 2412 351 2481 venditionibus
368 2414 450 2476 nihil
470 2424 565 2493 esset,
577 2384 663 2498 quod
684 2404 796 2475 eorum
817 2408 1036 2474 auctoritatem
1057 2430 1111 2474 eo-

113 2526 252 2605 biberet,
276 2526 322 2604 ιιι,
344 2522 505 2611 praesides
527 2546 600 2587 cum
622 2512 896 2587 centumuirorum
914 2526 1031 2600 essent,
1044 2521 1113 2607 ipsi
1167 2584 1170 2589 ,

115 2646 248 2725 possent
267 2636 324 2700 vel
344 2638 454 2709 omnia
475 2658 600 2700 summa
627 2656 700 2698 cum
711 2632 904 2721 'potestates
917 2628 1112 2718 itnpe'r'id'nc

115 2749 272 2830 regimine
292 2764 453 2828 peragere,
476 2757 509 2807 et
531 2768 641 2811 omnes
661 2770 713 2810 res
733 2744 847 2832 populi
867 2742 1007 2809 Romani
1024 2741 1114 2807 nullo

117 2859 228 2922 habito
258 2852 440 2915 discrimine
468 2855 595 2939 publice
625 2854 808 2920 divendere.
862 2842 1025 2941 Erantque
1048 2849 1115 2915 'de-

120 2963 254 3030 cemviri
270 2960 490 3047 creandill'ege
510 2964 575 3027 lata
591 2942 722 3048 agrario,
744 2988 809 3053 qua
828 2966 908 3055 ipsa¹
920 2962 960 3049 dc
977 2940 1115 3051 publicis

66 3113 71 3122 ·
121 3079 205 3158 agris
225 3077 280 3143 vel
299 3071 487 3154 vendendis,
510 3052 564 3139 vel
583 3076 736 3158 locandis,
757 3079 812 3143 vel
832 3054 986 3143 eruendis,
998 3071 1117 3137 consti-

121 3190 282 3267 tuebatur,
293 3184 429 3270 deniqne
440 3174 598 3269 omnibus,
612 3209 693 3276 quae
703 3187 744 3250 ad
763 3189 909 3274 publicos
930 3204 1023 3267 agros
1042 3204 1119 3271 per·

123 3294 273 3360 tinerent.
322 3294 365 3358 Et
385 3308 475 3360 erant
497 3296 626 3384 quidem
646 3296 817 3362 decemviri
834 3297 879 3377 ii,
909 3298 964 3382 qni
984 3314 1044 3358 suo
1065 3314 1118 3355 ar-

125 3408 220 3501 bitrio
245 3428 353 3471 curam
381 3405 568 3472 adhiberent
595 3408 631 3471 in
658 3408 747 3489 hisce
776 3408 877 3495 relius·
897 3376 1053 3501 geiendis.
1075 3436 1118 3450 -

93 3566 97 3581 .
125 3516 248 3586 Ande
277 3515 514 3583 venditionibus
544 3519 673 3607 quidem
698 3520 805 3601 hisce,
837 3538 895 3603 per
922 3508 1119 3585 decemuiros
1187 3544 1190 3549 ·

125 3628 291 3707 faciendis,
316 3626 424 3694 Cicero
446 3643 495 3695 est
516 3642 647 3696 ιιιιιιοιι
769 3712 771 3717 Α

102 3764 106 3769 -
167 3742 202 3804 n
224 3738 311 3803 uun.
334 3736 377 3819 ιι,
402 3739 504 3811 ιι.,,·
635 3824 644 3849 Ι

210 3848 298 3934 „sed
318 3852 432 3938 plane,
463 3855 554 3939 quasi
571 3870 614 3953 ea
634 3874 686 3920 res
706 3844 798 3915 vobis
814 3846 1040 3953 salonianum
1066 3843 1119 3921 sit,
