2400 4328
531 210 583 241 -.
614 174 680 241 aaa
723 141 765 221 -’

158 363 233 442 post
259 350 413 415 formulas
443 344 638 410 introductas
664 341 716 428 ⁸).
765 341 813 407 Ea
832 358 942 424 uero,
962 352 1161 435 quamqualn

154 485 214 552 per
234 461 437 525 classicorum
455 456 645 542 scriptor-um
670 466 810 519 aetatem
830 450 976 519 adhibita
989 462 1068 537 est,
1105 460 1161 524 uix

153 576 261 639 tamen
283 566 356 647 Gaji
375 580 521 654 tempore
543 568 691 645 occurrit,
723 577 761 628 ut
781 565 836 651 qui
856 567 929 652 ipse
948 581 1092 641 moneat,
1106 590 1159 636 sa-

29 689 34 697 '
152 687 196 749 tia
224 676 383 757 dilucide,
422 680 503 743 olim
532 679 631 741 fuisse
661 673 882 741 vindiciarum-
902 679 1157 761 legissetionem,

152 794 266 875 igitur,
292 801 329 852 ut
353 790 517 879 probabile
544 802 611 868 est,
642 776 851 853 solennitates
882 806 994 853 aarum
1014 792 1155 868 relictas,

78 984 81 989 y
152 926 209 968 nec
229 905 387 965 festucam
408 897 604 962 adhibitam:
636 892 669 961 et
689 894 839 961 satisdari
867 909 943 962 tunc
971 900 1008 963 in
1037 900 1176 982 judicio·

150 1035 208 1103 pro
230 1006 350 1099 praede
374 1009 440 1072 litis
460 1020 494 1072 et
513 1008 745 1101 vindiciarum,
778 1029 853 1071 cum
881 1012 1029 1097 tempore
1055 1014 1154 1101 priori
1177 1014 1182 1029 '

149 1122 210 1212 pro
230 1123 287 1185 lita
308 1131 342 1183 et
361 1118 509 1184 vindieiis
528 1118 664 1207 praedes
683 1119 830 1183 Praetori
849 1116 999 1185 darentur
1024 1121 1074 1207 i).
1110 1122 1154 1188 At

22 1307 28 1318 ,
150 1234 326 1299 notissimo
346 1241 504 1318 tompore,
526 1232 646 1295 abolita
662 1228 875 1293 vindiciarum
892 1232 1101 1314 solennitate,
1124 1227 1154 1299 e't

93 1328 96 1335 ’
150 1366 216 1409 uno
235 1338 381 1431 pedaneo
402 1338 507 1421 judice
526 1337 697 1420 judicante,
716 1320 806 1403 nulla
820 1340 861 1403 fit
872 1322 913 1405 d'a
922 1345 1047 1406 festuca
1057 1362 1152 1409 men·

150 1457 209 1520 tio.
249 1453 372 1516 Deerat
400 1451 438 1513 in
467 1450 579 1513 ceteris
592 1458 595 1463 '
608 1452 756 1515 omnibus
785 1434 984 1535 actionibus}
1018 1456 1093 1520 sive
1120 1457 1154 1519 in

150 1584 236 1643 rem,
258 1562 386 1627 sivein
405 1578 579 1647 personam
600 1560 724 1641 egeris:
756 1564 792 1657 in
814 1566 963 1629 omnibus
982 1566 1087 1647 igitur
1103 1549 1153 1630 aa·

94 1756 99 1764 .
138 1675 288 1774 'tionibus
308 1666 481 1753 nouerat,
502 1652 681 1758 quibusda
702 1673 768 1737 alio
787 1677 874 1755 jure,
907 1695 1006 1760 quem
1027 1675 1071 1743 de
1086 1676 1151 1758 ,do-

147 1786 250 1850 minio
271 1782 521 1870 disceptabatur,
544 1779 587 1845 ad
602 1781 693 1867 ¹quod
712 1786 843 1849 unicum
866 1783 1028 1849 vindiciae
1046 1768 1152 1870 perli-

147 1897 274 1960 nebant.
318 1891 428 1972 Quam
455 1895 547 1957 anim
573 1896 708 1981 quisque
730 1894 872 1972 litigator
897 1886 1158 1961 teneret‘i'estu-¹

137 2024 227 2086 poam,
248 2005 436 2091 imponebat
455 2003 505 2066 rei
522 2002 741 2081 vindicandae,
762 1987 942 2081 significans
964 2000 1153 2072 dominium

147 2108 215 2180 sihi
228 2114 278 2178 rei
299 2126 498 2203 competere,
521 2127 560 2179 ut
579 2116 668 2178 ceria·
684 2092 867 2191 acaol'enni
885 2100 1010 2187 ratione
1030 2132 1151 2194 agere·
1180 2124 1184 2149 ⁴

20 2312 26 2320 Ι
145 2238 209 2293 tur.
259 2208 361 2293 Nihil
381 2225 480 2309 igitur
502 2227 639 2317 <ualebat
658 2225 697 2291 iu
721 2221 926 2289 hereditariis
953 2222 1149 2306 actionibus,

144 2340 264 2427 quippe
284 2342 400 2426 quibus
420 2335 602 2401 dominium
620 2360 690 2403 non
706 2346 887 2441 petereturt
916 2336 982 2400 nisi
1002 2354 1043 2405 eo.
1060 2346 1150 2402 tern-
1188 2424 1190 2431 Ι

144 2470 239 2536 poro,
269 2470 335 2536 quo
361 2446 443 2528 legis
463 2448 590 2536 actione
608 2447 821 2513 vindiciarum
840 2458 875 2514 et
893 2444 935 2513 de
954 2444 1148 2513 hereditati·
1187 2444 1190 2569 l

141 2561 201 2624 bus
230 2571 299 2631 erat
327 2554 488 2638 agendum
515 2554 589 2634 ²⁰).
617 2587 661 2605 ·-
701 2555 749 2624 Id.
767 2554 877 2624 autem
904 2560 1148 2645 apertissimum
1188 2600 1190 2691 p

144 2715 343 2737 m

142 2816 175 2888 ⁸)
209 2811 316 2869 Gallius
332 2810 399 2879 XX,
414 2808 452 2865 9..
472 2809 588 2867 Nemini
604 2814 757 2876 obseumria
768 2832 851 2897 puto,
867 2800 1147 2893 'vindicias'peractas

209 2915 238 2960 et
254 2903 286 2957 in
303 2920 385 2958 servo
400 2900 569 2967 vindicando
587 2907 684 2965 inissa.
718 2913 777 2985 Qui
795 2898 961 2968 enim'baud
978 2912 1059 2967 secus
1076 2926 1148 2981 erat,
1188 2888 1190 2915 Ι

176 3008 179 3014 ·
207 3012 292 3070 quam
308 3004 413 3051 ceterae
429 3012 483 3058 res,
500 2996 531 3052 in
548 2997 685 3064 dominia.
708 2999 757 3062 ne‘
768 3021 800 3061 re
817 3004 863 3073 cb,
879 3021 950 3078 quae
964 3021 1051 3076 supra
1068 3004 1147 3063 dieta

207 3099 274 3145 aunt
291 3090 318 3158 a.
333 3087 362 3143 t.
378 3097 439 3142 not.
457 3086 500 3143 13.
518 3090 548 3143 in
564 3078 630 3148 line.
940 3143 945 3155 .

138 3182 171 3251 ⁹)
187 3176 289 3252 'Gaius
306 3181 357 3243 tv,
373 3179 434 3237 tta
459 3180 547 3247 „ideo
564 3194 658 3239 antem
674 3184 814 3259 appellata
837 3194 879 3269 est
893 3200 947 3256 pre
962 3184 1067 3257 praede
1084 3188 1145 3246 litis

203 3281 233 3324 et
248 3270 434 3325 vindiciarum
451 3270 606 3345 stipulatio,
622 3278 688 3348 quia
705 3278 736 3332 in
753 3278 849 3334 locum
865 3272 1011 3355 praedium
1028 3288 1147 3338 succes-⁴

155 3374 160 3381 ·
205 3361 251 3427 sit,
268 3363 335 3432 quia
350 3361 435 3429 olim,
450 3380 516 3418 cum
533 3366 593 3437 lege
607 3367 748 3440 agebatur,
765 3386 820 3443 pro
835 3370 884 3425 lite
901 3380 929 3424 et
944 3369 1096 3436 vindieiis,
1112 3372 1141 3427 id

203 3461 259 3516 ast,
275 3465 330 3523 pro
348 3468 379 3507 rc
395 3462 425 3507 et
440 3452 579 3513 fructibus
595 3476 611 3514 a
627 3476 788 3531 possessore
803 3462 920 3534 petitori
937 3458 1107 3518 dabantur.”

39 3556 41 3561 ¹
136 3541 189 3612 Ιθ)
206 3541 286 3597 Facit
302 3542 334 3595 in
351 3553 478 3599 nostram
493 3545 576 3603 iider'n
593 3549 690 3606 Cicero
708 3553 739 3607 in
756 3554 839 3613 Verr.
857 3556 888 3620 1,
904 3548 964 3618 454
986 3557 1065 3625 cujus
1082 3554 1139 3610 loci

198 3631 392 3704 interpretatio
408 3652 485 3690 nunc
501 3640 683 3711 periclitanda
702 3645 764 3698 erit.
797 3645 944 3716 Leguntur
959 3644 1036 3700 enim
1054 3645 1138 3701 haec:
1188 3660 1190 3669 ·

87 3725 91 3731 “
199 3722 251 3791 „ai
267 3723 332 3796 quis
355 3734 522 3784 testamento
544 3748 573 3786 se
595 3731 724 3789 heredem
740 3751 799 3790 esre
821 3732 1035 3799 arbitraretur,¹
1060 3736 1138 3811 duod
1188 3696 1190 3807 l

196 3822 260 3870 turn
284 3828 356 3870 uon·
369 3826 504 3885 exstaret,
529 3821 586 3893 lege
609 3834 702 3895 ageret
725 3826 757 3880 iu
778 3824 975 3882 hereditatem
1016 3838 1066 3883 aut
1082 3848 1138 3901 pro

183 3904 296 3978 praede
310 3905 371 3967 litis
393 3906 581 3973 vindiciarum
598 3932 663 3975 eum
680 3917 745 3977 satia
762 3917 925 3991 accepisset,
949 3912 1142 3989 sponsionem
