2400 4328
352 93 701 241 --ss-V

44 366 83 410 ae
102 329 564 422 legieeetionemseecramenti
585 331 772 413 generalem
792 331 900 396 luieee
924 329 983 417 ⁸),
1005 335 1064 402 ubi

48 449 272 533 adjudicium
292 439 455 506 Praetoris
475 444 625 506 refertur.
670 439 713 504 Et
734 453 809 506 ante
824 440 965 522 judicem
978 465 1063 511 uon·

50 565 109 628 uisi
123 549 304 642 ingruente
322 554 514 617 necessitate
531 574 566 616 ac
580 549 789 617 multitudine
809 574 976 620 causarum
992 573 1064 621 rem

49 686 152 739 aotam
162 689 237 734 esse
251 667 416 744 existimo,
438 684 497 727 neo
509 664 615 749 primo
630 675 777 749 tempore
785 665 877 727 aliter
888 664 1064 744 judicatum

51 781 220 865 ajudica,
251 776 320 841 nisi
347 775 440 867 extra
461 771 624 855 ordinem,
653 785 687 840 et
714 775 750 838 in
778 775 980 863 paucioribus
1009 795 1065 841 re·
1158 792 1166 803 “

53 898 128 979 ¹³⁰⁸ae
170 888 212 953 ld
232 884 363 974 quidem
384 884 613 982 difficillimum
633 895 684 949 ast
704 881 800 962 dictu,
821 883 856 944 iu
873 887 988 968 quibua
1009 907 1065 951 re·
1192 872 1196 880 ⁵

57 1007 123 1069 bus
143 1001 204 1065 hoc
222 1010 368 1086 tempore
388 994 541 1073 Praetor,
575 997 611 1059 in
633 989 877 1082 quibus'judex
897 997 959 1057 rite
978 996 1066 1076 judi-

49 1093 162 1191 carit,
188 1107 285 1196 idque
305 1109 344 1173 in
372 1107 519 1172 locorum
547 1104 676 1171 defectu
706 1104 873 1168 neminem
901 1103 1064 1173 dictum
1159 1112 1168 1124 '

65 1223 161 1310 probe
179 1221 265 1305 ecio;
286 1229 322 1283 at
341 1236 422 1282 rero
442 1220 510 1298 jam
525 1218 632 1304 primo
646 1227 793 1302 tempore
807 1234 858 1278 ree
872 1214 951 1293 talee
963 1218 1067 1285 fuieee

64 1333 224 1420 probabile
245 1341 333 1408 eet‚·
348 1329 386 1391 in
407 1326 522 1412 quibua
542 1325 678 1392 Praetor
699 1323 789 1392 haud
817 1329 960 1412 potuerit
977 1349 1067 1394 com-

60 1440 156 1507 moda
182 1443 279 1505 litem
307 1436 458 1502 dirimere
478 1432 540 1520 ⁴),
579 1425 721 1501 ethaeo
751 1433 880 1521 quidem
907 1441 1068 1504 sententia

60 1552 206 1644 perata&
238 1550 304 1617 etei
332 1548 494 1632 inquirere
521 1548 640 1626 nolim,
677 1544 864 1610 debueritne
890 1550 953 1614 hoc
980 1562 1068 1615 tem-

59 1685 142 1752 pore
171 1685 191 1725 a
210 1662 315 1743 judice
335 1655 470 1739 judicari
494 1668 622 1719 tantum
650 1659 691 1722 ob
719 1656 769 1720 rei
797 1657 903 1756 locive
930 1657 1069 1746 impedi.
1154 1704 1183 1734 Ι,

60 1771 230 1847 mentum,
266 1792 309 1832 an
337 1767 481 1855 potuerit
508 1765 661 1847 Praetor,
697 1786 771 1830 eum
793 1764 881 1828 haud
908 1769 1070 1833 sufficeret

61 1882 172 1948 causis
192 1878 395 1959 dirimendis,
434 1899 494 1964 pro
514 1879 618 1954 lubito
639 1898 718 1951 auo,
759 1887 793 1940 et
813 1878 1071 1964 utcunquerel.
1100 1931 1105 1951 ,
1167 1900 1193 1922 .·

58 1997 121 2070 let,
145 2006 201 2057 aut
219 1992 364 2074 judicem
383 1987 476 2071 dare,
498 1998 558 2053 aut
574 1989 646 2077 ipse
666 1984 948 2070 ramdijudicare:
970 2011 1069 2078 quam

63 2182 271 2204 Μ
334 2186 347 2197 ι’

63 2297 106 2375 ⁸)
131 2301 236 2367 Nullus
260 2301 356 2357 autem
379 2298 491 2370 dubito,
513 2304 581 2376 quin
603 2303 721 2378 posthac
746 2303 826 2360 aliter
849 2319 894 2357 ree
911 2299 1072 2373 accipienda

142 2393 201 2450 eit:
221 2409 273 2447 nec
290 2393 407 2459 ebrum,
429 2411 485 2466 quo
501 2397 595 2451 minue
612 2416 628 2452 a
645 2397 716 2468 Gaio
738 2395 881 2453 rerieeirue
897 2393 1004 2448 dictum
1019 2411 1076 2466 pn-

140 2494 216 2552 tem‚
234 2484 372 2540 referente
388 2485 426 2540 ita
442 2478 597 2557 generalem
614 2487 780 2546 sacrementi
797 2486 1019 2558 legieactionem‚
1042 2491 1076 2540 ut
1157 2472 1161 2479 ’
1184 2550 1186 2553 ,

120 2631 122 2634 .
138 2595 174 2632 ea
190 2587 334 2649 oporteret
349 2577 403 2649 agi,
419 2579 473 2634 niel
487 2581 570 2646 aliter
583 2581 642 2653 lege
660 2589 774 2636 cautum
787 2587 874 2634 erret:
892 2577 967 2633 hince
976 2575 1077 2632 scribit

136 2670 192 2733 IV,
212 2668 270 2727 te:
287 2670 477 2740 „sacramenti
493 2674 565 2728 actio
582 2673 718 2744 generalia
735 2680 810 2727 erat:
829 2670 862 2725 de
879 2671 982 2742 quibua
999 2669 1076 2724 enim
1109 2703 1111 2707 ι

54 2834 57 2841 .
135 2761 240 2825 rebus,
266 2772 298 2816 ut
314 2758 396 2817 aliter
411 2775 551 2833 ageretur,
579 2763 641 2836 lege
657 2772 771 2819 cautum
793 2781 854 2818 non
878 2771 952 2824 erat,
980 2760 1014 2816 de
1030 2760 1076 2817 hie

139 2861 317 2909 recremento
334 2853 488 2925 egebetur’'
520 2854 598 2928 quod
615 2844 789 2911 condictione
812 2854 916 2908 sactum
933 2846 992 2907 edre
1007 2847 1077 2906 con'·

139 2942 249 3010 teudo,
276 2961 340 2998 cum
358 2945 506 3017 eugendi
522 2949 595 3002 ratio
617 2947 748 3003 incertia
770 2944 855 3001 rebue
878 2944 974 3000 allecte
996 2950 1079 2999 earet·

140 3036 254 3092 'semen
276 3033 309 3089 de
331 3028 510 3100 condictione
537 3024 638 3111 potero
660 3056 753 3095 meam
777 3035 943 3093 sententiam
964 3032 1080 3089 demun
1138 3092 1146 3115 L

10 3130 14 3197 ³.
85 3158 87 3163 ·
141 3125 265 3200 poetbac
281 3145 428 3200 exponere.
448 3129 485 3184 el.
502 3124 526 3198 ᾗ.
541 3129 571 3185 3.

10 3220 16 3309 2*-
77 3243 113 3311 ⁴)
129 3238 281 3312 Ejuemodi
296 3246 341 3294 r'ee
356 3242 412 3311 jam
421 3228 525 3314 'primo
540 3251 667 3314 ternpore
679 3242 776 3311 iniere,
795 3240 870 3296 haud
884 3247 995 3312 gravate
1006 3234 1082 3294 dicor

147 3332 174 3387 ei
195 3331 272 3385 enlm
299 3331 413 3404 quaudo
433 3333 470 3388 lia
498 3344 557 3390 erat
590 3335 624 3390 de
648 3335 753 3390 linibus
782 3334 930 3405 regundis,
955 3331 1080 3404 agrique,

142 3423 182 3478 de
199 3421 301 3494 quibua
317 3423 535 3498 disceptabatur,
550 3427 586 3483 ab
600 3427 671 3482 urbe
687 3425 788 3499 procul
803 3426 939 3496 jacebant,
960 3421 1084 3494 judicare

142 3517 310 3571 Praetorem
318 3533 379 3580 non
387 3517 513 3591 potuieee
530 3518 641 3574 videtur
656 3517 852 3592 perspicuum
870 3533 961 3589 neque
976 3531 1084 3586 cogno·
1113 3540 1116 3549 ·

143 3621 227 3663 acere
251 3620 310 3662 rem
331 3609 436 3681 potuit,
459 3626 550 3681 neque
571 3609 732 3682 dijudicare,
749 3610 805 3666 uisi
827 3609 979 3684 negligeret
1001 3611 1084 3661 ruunt

145 3694 290 3759 offlam.
330 3699 439 3754 Debuit
463 3702 540 3756 enim
560 3701 654 3758 edesse
677 3695 855 3769 venientibue
877 3701 913 3756 ed
938 3694 1085 3771 agendum,

141 3789 254 3844 unicue
276 3789 389 3859 quidem
408 3791 509 3863 primia
531 3793 707 3865 temporibus
736 3793 772 3848 ad
797 3793 860 3848 litae
888 3787 1085 3847 discernendae
1196 3774 1199 3781 ⁴

141 3877 328 3945 eunetitntue.
362 3883 512 3953 Ejuemodi
528 3884 655 3957 exempla
671 3885 753 3958 plura
769 3882 864 3941 efferri
879 3890 1007 3956 poseant.
1090 3904 1093 3908 ·
