2400 4328
435 162 680 228 ..75-

34 364 115 432 que
148 360 188 403 ee
218 354 414 424 persuasum
441 335 608 399 hebemus.
667 335 843 404 Rationem
872 361 950 405 vero
981 341 1069 407 baud

38 454 165 526 aliem,
197 468 299 534 quem
330 466 410 530 quee
434 446 500 531 ipsi
527 448 650 525 inerat,
694 447 731 510 in
760 451 894 514 actionis
927 451 1069 517 editione

44 564 262 629 invenimus:
287 557 328 619 de
351 577 422 642 que,
446 569 483 619 ut
504 579 572 623 rem
593 560 796 644 perspicuam
819 558 949 643 demus,
971 562 1070 648 porto
1195 598 1198 605 ·

46 677 183 740 uberius
205 667 438 756 exponendum
459 670 531 731 erit.
1078 682 1082 688 ·

132 783 308 851 Proditnm
333 791 398 858 est,
429 780 564 842 actionis
584 776 761 841 editionem
778 779 920 864 speciem
942 786 1071 849 futures

10 916 20 975 .'.
49 898 117 960 litis
142 893 282 968 dedisse,
304 890 339 952 1ι.
353 909 383 954 e.
404 890 486 951 liti'
475 912 591 977 ipsi
532 888 643 952 'haud
665 890 766 951 fuisse
788 887 1001 960 dissimilem.
1024 896 1070 961 sic

10 1016 19 1035 ‘
53 997 340 1084 enim‘legeSG.
363 997 550 1062 deedendo
573 998 821 1086 scriptumest:
916 1064 922 1078 ,

10 1122 14 1137 ’
106 1111 229 1195 „Edita
246 1113 329 1176 ectio
351 1112 492 1197 speciem
512 1113 640 1174 futures
653 1100 728 1174 'titis
749 1110 957 1177 demonstret.
969 1113 990 1146 ”

146 1220 234 1289 Idem
258 1221 311 1285 'de
345 1240 460 1283 causae
492 1221 679 1285 collectione
708 1224 935 1309 exposuimus,
976 1247 1073 1311 quem

67 1333 297 1416 Quinctilianus
327 1335 435 1395 loco
425 1351 492 1410 sem
512 1333 609 1393 citato
631 1333 806 1412 imaginem
829 1334 895 1395 litis
926 1356 1004 1420 prne
1037 1359 1072 1405 se

63 1448 170 1512 tulisse
196 1450 274 1510 fert.
324 1441 431 1506 Simul
461 1453 569 1506 eutem
591 1456 705 1505 notum
728 1454 794 1521 est,
833 1445 869 1504 in
891 1445 951 1506 hnc
970 1458 1072 1510 testes

58 1557 186 1622 auditos
209 1574 283 1619 esse
307 1549 385 1636 ι9)ι
415 1584 460 1599 -
480 1558 513 1617 et
533 1555 748 1618 instrumenta
770 1557 954 1638 percognita
985 1570 1072 1636 sunt,

56 1668 145 1732 unde
167 1664 301 1752 quidem
319 1665 524 1750 perspicuum
544 1678 593 1727 est
601 1663 711 1751 ,quid
733 1665 791 1740 sit,
815 1663 931 1749 quod'
921 1688 957 1727 m
978 1668 1073 1730 titulo

56 1780 274 1860 Digestorum
294 1772 335 1837 de
356 1773 480 1840 edendo
501 1779 613 1840 multis
634 1777 741 1839 verbis
763 1773 803 1838 de
817 1778 1003 1858 argentariis
1013 1801 1074 1843 ex·

55 1890 210 1978 positum
232 1874 302 1950 este
323 1883 519 1972 adquorum
541 1888 659 1972 quippe
681 1887 779 1950 libros
799 1887 992 1967 fugiendum
1008 1902 1076 1955 eret

55 1998 274 2081 litigatoribus
300 2017 474 2084 persaepe,
508 1998 733 2061 instrumentis
762 1998 987 2085 probationem
1016 1997 1075 2061 de-

53 2111 154 2175 turis.
196 2109 242 2171 Hi
263 2109 352 2171 enim
371 2109 407 2171 in
427 2108 579 2172 maximis
600 2110 866 2195 gravissimisque
887 2111 982 2172 rebus
996 2111 1079 2173 elie-·

34 2202 110 2285 'no
134 2220 269 2307 nomine
290 2217 495 2296 obligationes
506 2220 730 2304 suscipiebant,
754 2221 888 2281 nomina
906 2220 1078 2283 conficien-
1131 2290 1138 2311 ¹

56 2343 143 2393 test
178 2336 213 2388 et
240 2325 329 2388 libris
363 2346 472 2389 eorum
500 2331 628 2415 publica
656 2338 725 2392 eret
755 2325 836 2389 fides
859 2322 938 2410 ²⁰).
980 2327 1022 2391 Et
1042 2329 1089 2392 id.

54 2436 155 2506 eddo
175 2435 213 2499 in
232 2440 280 2499 rei
300 2448 424 2502 nostroe
443 2438 559 2522 fidem,
583 2438 669 2528 apud
690 2439 858 2501 neminem
880 2460 899 2501 e
920 2439 1078 2504 vetustio-

59 2606 276 2629 m

55 2712 117 2781 u)
140 2708 164 2763 l.
181 2672 226 2764 lo.
248 2708 272 2777 ς.
285 2706 313 2764 3.
337 2707 375 2764 D.
401 2707 436 2762 de
454 2707 579 2769 edendos
614 2708 698 2777 „lieri
714 2707 923 2784 enim'potest,
949 2720 982 2767 nt
1003 2730 1080 2768 nnnc

134 2801 279 2868 rationes,
295 2800 338 2855 vel
354 2800 420 2873 ipso
438 2801 545 2867 edente,
562 2799 608 2856 vel
626 2802 681 2857 alio
698 2800 783 2856 modo
801 2812 935 2869 moetus,
952 2813 1002 2858 eut
1019 2805 1080 2860 eliis
1191 2870 1198 2884 ι

28 2944 31 2949 ,
138 2893 356 2958 instrumentis,
380 2882 424 2947 rel
441 2893 575 2958 testibus,
602 2894 706 2966 quibus
723 2893 773 2947 illo
790 2902 918 2964 tempore
935 2891 1032 2966 eliqua
1049 2915 1083 2951 er

136 3000 223 3039 cente
239 2984 365 3041 utinen
388 2984 496 3056 potnit,
520 2986 614 3058 pessit
636 2984 804 3058 probere”;
839 2992 867 3038 et
890 2985 976 3055 panto
1001 2997 1081 3056 postr

138 3080 197 3143 „et
215 3075 252 3129 ob
259 3073 299 3130 dd
317 3075 477 3142 emisimus,
495 3074 550 3131 hoc
566 3094 645 3132 nunc
662 3074 724 3132 eliis
744 3075 957 3141 instrumentis,
977 3084 1026 3130 etit
1042 3086 1085 3132 te-

141 3164 249 3234 ctione,
276 3166 381 3238 quibus
402 3176 464 3221 turn
489 3169 532 3221 uti
556 3185 618 3223 non
642 3169 802 3241 potuimus,
839 3165 960 3239 prebere
981 3184 1084 3240 possu-

144 3264 245 3312 mned’
289 3257 386 3312 Auditi
405 3268 470 3314 sunt
486 3258 575 3330 igitur
592 3270 675 3317 testes
692 3260 777 3314 initio
795 3257 906 3328 judicii,
930 3276 989 3331 quo
1006 3262 1087 3316 testi-

143 3346 220 3403 ficeti
237 3348 332 3405 stetim
349 3348 490 3405 discedere
506 3363 639 3423 possent,
662 3369 714 3407 nec
731 3351 837 3423 ebsqne
854 3367 936 3405 censs
952 3353 1002 3406 diu
1019 3356 1087 3409 reti·

83 3480 86 3491 .
145 3448 291 3499 necentur.
326 3441 395 3498 Non
406 3458 555 3515 nunquem
572 3454 665 3499 temen
682 3445 737 3513 jem
754 3443 1026 3514 entenprebetiones
1043 3448 1089 3501 in·

143 3530 297 3606 qnlrebent
314 3531 352 3600 li,
377 3531 481 3605 quibus
496 3536 690 3610 perorandum
707 3544 779 3600 eret,
799 3532 887 3608 *qnod
905 3535 1001 3593 suadet
1018 3535 1042 3594 l.
1060 3541 1088 3597 1.

143 3628 173 3693 ς.
191 3622 220 3681 3.
236 3623 274 3678 D.
299 3621 333 3678 de
351 3622 452 3680 edenti·

74 3716 129 3786 ⁸⁰)
152 3714 265 3770 Εοηιιι
289 3713 359 3773 fides
386 3723 446 3771 eret
470 3714 607 3791 petenda,
641 3730 706 3770 cum
727 3715 807 3772 libris
831 3715 989 3774 domesticis
1011 3709 1092 3776 nulle

147 3798 287 3877 obll'getie
311 3807 499 3880 preberetur:
536 3804 635 3862 Cicero
659 3823 713 3878 pro
736 3808 818 3863 Itosc.
841 3807 988 3865 Comoede
1004 3826 1045 3873 c.
1063 3811 1091 3869 2.

148 3894 241 3954 tto.
259 3897 293 3959 C.
311 3898 345 3955 de
362 3898 555 3974 probationib.
588 3900 606 3953 1.
614 3897 659 3953 to.
678 3899 714 3955 D.
733 3898 865 3955 derebus
882 3900 979 3956 credit.
1005 3898 1026 3957 l.
1040 3901 1091 3961 ult.
