<?xml version="1.0" encoding="UTF-8"?>
<!DOCTYPE html PUBLIC "-//W3C//DTD XHTML 1.0 Transitional//EN"
    "http://www.w3.org/TR/xhtml1/DTD/xhtml1-transitional.dtd">
<html xmlns="http://www.w3.org/1999/xhtml" xml:lang="en" lang="en">
 <head>
  <title>
</title>
<meta http-equiv="Content-Type" content="text/html;charset=utf-8" />
  <meta name='ocr-system' content='tesseract 3.04.00' />
  <meta name='ocr-capabilities' content='ocr_page ocr_carea ocr_par ocr_line ocrx_word'/>
</head>
<body>
  <div class='ocr_page' id='page_1' title='image "./dejudicibusapud00tigegoog_0130.png"; bbox 0 0 2400 4328; ppageno 0'>
   <div class='ocr_carea' id='block_1_1' title="bbox 438 132 675 201">
    <p class='ocr_par' dir='ltr' id='par_1_1' title="bbox 438 132 675 201">
     <span class='ocr_line' id='line_1_1' title="bbox 438 132 675 201; baseline 0 -1"><span class='ocrx_word' id='word_1_1' title='bbox 438 132 675 201; x_wconf 79' lang='lat'>-107-</span> 
     </span>
    </p>
   </div>
   <div class='ocr_carea' id='block_1_2' title="bbox 41 302 1070 1612">
    <p class='ocr_par' dir='ltr' id='par_1_2' title="bbox 41 302 1068 953">
     <span class='ocr_line' id='line_1_2' title="bbox 49 302 1067 393; baseline 0.006 -22"><span class='ocrx_word' id='word_1_2' title='bbox 49 302 223 389; x_wconf 49' lang='lat' dir='ltr'><strong>,der&#39;niere</strong></span> <span class='ocrx_word' id='word_1_3' title='bbox 244 303 288 367; x_wconf 88' lang='lat' dir='ltr'><strong>sit</strong></span> <span class='ocrx_word' id='word_1_4' title='bbox 308 315 342 368; x_wconf 91' lang='lat' dir='ltr'><strong>et</strong></span> <span class='ocrx_word' id='word_1_5' title='bbox 364 314 495 379; x_wconf 83' lang='lat' dir='ltr'><strong>natura,</strong></span> <span class='ocrx_word' id='word_1_6' title='bbox 518 308 703 390; x_wconf 73' lang='lat' dir='ltr'><strong>stragula:</strong></span> <span class='ocrx_word' id='word_1_7' title='bbox 724 326 830 393; x_wconf 69' lang='lat' dir='ltr'><strong>quas,</strong></span> <span class='ocrx_word' id='word_1_8' title='bbox 850 307 912 373; x_wconf 87' lang='lat' dir='ltr'><strong>etsi</strong></span> <span class='ocrx_word' id='word_1_9' title='bbox 932 329 953 374; x_wconf 89' lang='lat' dir='ltr'><strong>e</strong></span> <span class='ocrx_word' id='word_1_10' title='bbox 975 307 1067 377; x_wconf 84' lang='lat' dir='ltr'><strong>Gen·</strong></span> 
     </span>
     <span class='ocr_line' id='line_1_3' title="bbox 50 415 1065 500; baseline 0.006 -17"><span class='ocrx_word' id='word_1_11' title='bbox 50 421 229 499; x_wconf 78' lang='lat' dir='ltr'><strong>tium-jure</strong></span> <span class='ocrx_word' id='word_1_12' title='bbox 250 425 413 500; x_wconf 83' lang='lat' dir='ltr'><strong>receptas,</strong></span> <span class='ocrx_word' id='word_1_13' title='bbox 442 415 552 481; x_wconf 86' lang='lat' dir='ltr'><strong>stricto</strong></span> <span class='ocrx_word' id='word_1_14' title='bbox 581 427 695 482; x_wconf 89' lang='lat' dir='ltr'><strong>tamen</strong></span> <span class='ocrx_word' id='word_1_15' title='bbox 714 422 786 499; x_wconf 81' lang='lat' dir='ltr'><strong>jure</strong></span> <span class='ocrx_word' id='word_1_16' title='bbox 806 421 943 485; x_wconf 82' lang='lat' dir='ltr'><strong>vallatae</strong></span> <span class='ocrx_word' id='word_1_17' title='bbox 963 424 1065 489; x_wconf 64' lang='lat' dir='ltr'><strong>subse</strong></span> 
     </span>
     <span class='ocr_line' id='line_1_4' title="bbox 54 515 1066 617; baseline 0.002 -23"><span class='ocrx_word' id='word_1_18' title='bbox 54 524 174 609; x_wconf 66' lang='lat' dir='ltr'><strong>tradit,</strong></span> <span class='ocrx_word' id='word_1_19' title='bbox 188 528 238 591; x_wconf 79' lang='lat' dir='ltr'><strong>in</strong></span> <span class='ocrx_word' id='word_1_20' title='bbox 258 515 471 590; x_wconf 82' lang='lat' dir='ltr'><strong>¹condictione</strong></span> <span class='ocrx_word' id='word_1_21' title='bbox 499 537 627 591; x_wconf 84' lang='lat' dir='ltr'><strong>tentum</strong></span> <span class='ocrx_word' id='word_1_22' title='bbox 652 531 767 593; x_wconf 87' lang='lat' dir='ltr'><strong>incerti</strong></span> <span class='ocrx_word' id='word_1_23' title='bbox 786 530 930 594; x_wconf 88' lang='lat' dir='ltr'><strong>strictum</strong></span> <span class='ocrx_word' id='word_1_24' title='bbox 949 536 1001 612; x_wconf 80' lang='lat' dir='ltr'><strong>ius</strong></span> <span class='ocrx_word' id='word_1_25' title='bbox 1024 532 1066 617; x_wconf 85' lang='lat' dir='ltr'><strong>ad</strong></span> 
     </span>
     <span class='ocr_line' id='line_1_5' title="bbox 53 615 1068 721; baseline 0.009 -22"><span class='ocrx_word' id='word_1_26' title='bbox 53 643 175 707; x_wconf 72' lang='lat' dir='ltr'><strong>henam</strong></span> <span class='ocrx_word' id='word_1_27' title='bbox 203 636 305 701; x_wconf 82' lang='lat' dir='ltr'><strong>fidem</strong></span> <span class='ocrx_word' id='word_1_28' title='bbox 319 615 322 640; x_wconf 49' lang='grc' dir='ltr'>Ι</span> <span class='ocrx_word' id='word_1_29' title='bbox 336 620 470 701; x_wconf 81' lang='lat' dir='ltr'><strong>rediisse</strong></span> <span class='ocrx_word' id='word_1_30' title='bbox 482 635 555 721; x_wconf 80' lang='lat'><strong>¹⁸)‚·</strong></span> <span class='ocrx_word' id='word_1_31' title='bbox 577 650 612 702; x_wconf 86' lang='lat' dir='ltr'><strong>at</strong></span> <span class='ocrx_word' id='word_1_32' title='bbox 632 651 682 702; x_wconf 85' lang='lat' dir='ltr'><strong>sat</strong></span> <span class='ocrx_word' id='word_1_33' title='bbox 701 640 806 705; x_wconf 75' lang='lat' dir='ltr'><strong>mutu</strong></span> <span class='ocrx_word' id='word_1_34' title='bbox 825 643 934 704; x_wconf 81' lang='lat' dir='ltr'><strong>forent</strong></span> <span class='ocrx_word' id='word_1_35' title='bbox 954 639 1068 707; x_wconf 73' lang='lat' dir='ltr'><strong>dirui·</strong></span> 
     </span>
     <span class='ocr_line' id='line_1_6' title="bbox 48 747 1065 836; baseline 0.002 -20"><span class='ocrx_word' id='word_1_36' title='bbox 48 755 165 832; x_wconf 87' lang='lat' dir='ltr'><strong>mina,</strong></span> <span class='ocrx_word' id='word_1_37' title='bbox 197 750 316 836; x_wconf 87' lang='lat' dir='ltr'><strong>quibus</strong></span> <span class='ocrx_word' id='word_1_38' title='bbox 343 749 433 817; x_wconf 73' lang='lat' dir='ltr'><strong>haec,</strong></span> <span class='ocrx_word' id='word_1_39' title='bbox 453 747 610 814; x_wconf 88' lang='lat' dir='ltr'><strong>condictio</strong></span> <span class='ocrx_word' id='word_1_40' title='bbox 639 771 659 813; x_wconf 88' lang='lat' dir='ltr'><strong>a</strong></span> <span class='ocrx_word' id='word_1_41' title='bbox 687 751 793 816; x_wconf 88' lang='lat' dir='ltr'><strong>honae</strong></span> <span class='ocrx_word' id='word_1_42' title='bbox 820 748 898 815; x_wconf 88' lang='lat' dir='ltr'><strong>fidei</strong></span> <span class='ocrx_word' id='word_1_43' title='bbox 926 755 1065 836; x_wconf 84' lang='lat' dir='ltr'><strong>negotiis</strong></span> 
     </span>
     <span class='ocr_line' id='line_1_7' title="bbox 41 861 907 953; baseline -0.003 -26"><span class='ocrx_word' id='word_1_44' title='bbox 41 861 230 946; x_wconf 85' lang='lat' dir='ltr'><strong>discrepet.</strong></span> <span class='ocrx_word' id='word_1_45' title='bbox 326 929 328 934; x_wconf 55' lang='grc'>,</span> <span class='ocrx_word' id='word_1_46' title='bbox 391 944 396 953; x_wconf 92' lang='lat'>.</span> <span class='ocrx_word' id='word_1_47' title='bbox 829 877 849 909; x_wconf 61' lang='lat' dir='ltr'><strong>a</strong></span> <span class='ocrx_word' id='word_1_48' title='bbox 902 905 907 913; x_wconf 86' lang='lat'><em>·</em></span> 
     </span>
    </p>

    <p class='ocr_par' dir='ltr' id='par_1_3' title="bbox 50 967 1070 1612">
     <span class='ocr_line' id='line_1_8' title="bbox 145 967 1068 1061; baseline 0.004 -26"><span class='ocrx_word' id='word_1_49' title='bbox 145 969 264 1035; x_wconf 82' lang='lat' dir='ltr'><strong>Bonae.</strong></span> <span class='ocrx_word' id='word_1_50' title='bbox 276 967 356 1035; x_wconf 83' lang='lat' dir='ltr'><strong>fidei</strong></span> <span class='ocrx_word' id='word_1_51' title='bbox 376 970 448 1034; x_wconf 74' lang='lat' dir='ltr'><strong>vult</strong></span> <span class='ocrx_word' id='word_1_52' title='bbox 465 969 613 1052; x_wconf 80' lang='lat' dir='ltr'><strong>regulam</strong></span> <span class='ocrx_word' id='word_1_53' title='bbox 633 972 746 1055; x_wconf 89' lang='lat' dir='ltr'><strong>fuisse,</strong></span> <span class='ocrx_word' id='word_1_54' title='bbox 768 986 806 1040; x_wconf 88' lang='lat' dir='ltr'><strong>ut</strong></span> <span class='ocrx_word' id='word_1_55' title='bbox 825 975 912 1039; x_wconf 90' lang='lat' dir='ltr'><strong>ultro</strong></span> <span class='ocrx_word' id='word_1_56' title='bbox 926 973 1068 1061; x_wconf 88' lang='lat' dir='ltr'><strong>citroque</strong></span> 
     </span>
     <span class='ocr_line' id='line_1_9' title="bbox 50 1081 1070 1164; baseline 0.006 -18"><span class='ocrx_word' id='word_1_57' title='bbox 50 1085 98 1146; x_wconf 88' lang='lat' dir='ltr'><strong>in</strong></span> <span class='ocrx_word' id='word_1_58' title='bbox 119 1083 260 1164; x_wconf 78' lang='lat' dir='ltr'><strong>negotiis</strong></span> <span class='ocrx_word' id='word_1_59' title='bbox 289 1081 443 1161; x_wconf 79' lang='lat' dir='ltr'><strong>obligatio</strong></span> <span class='ocrx_word' id='word_1_60' title='bbox 473 1094 676 1162; x_wconf 87' lang='lat' dir='ltr'><strong>nasceretur,</strong></span> <span class='ocrx_word' id='word_1_61' title='bbox 705 1095 739 1148; x_wconf 89' lang='lat' dir='ltr'><strong>et</strong></span> <span class='ocrx_word' id='word_1_62' title='bbox 766 1086 814 1150; x_wconf 87' lang='lat' dir='ltr'><strong>eis</strong></span> <span class='ocrx_word' id='word_1_63' title='bbox 842 1086 929 1151; x_wconf 83' lang='lat' dir='ltr'><strong>nihil</strong></span> <span class='ocrx_word' id='word_1_64' title='bbox 947 1086 1070 1152; x_wconf 69' lang='lat' dir='ltr'><strong>nesse</strong></span> 
     </span>
     <span class='ocr_line' id='line_1_10' title="bbox 55 1182 1070 1284; baseline 0.006 -27"><span class='ocrx_word' id='word_1_65' title='bbox 55 1195 163 1261; x_wconf 76' lang='lat' dir='ltr'><strong>certi:</strong></span> <span class='ocrx_word' id='word_1_66' title='bbox 185 1195 305 1281; x_wconf 85' lang='lat' dir='ltr'><strong>qnippe</strong></span> <span class='ocrx_word' id='word_1_67' title='bbox 326 1212 406 1279; x_wconf 84' lang='lat' dir='ltr'><strong>quae</strong></span> <span class='ocrx_word' id='word_1_68' title='bbox 429 1211 504 1257; x_wconf 87' lang='lat' dir='ltr'><strong>cum</strong></span> <span class='ocrx_word' id='word_1_69' title='bbox 524 1191 716 1281; x_wconf 85' lang='lat' dir='ltr'><strong>paciscendo</strong></span> <span class='ocrx_word' id='word_1_70' title='bbox 730 1182 862 1276; x_wconf 68' lang='lat' dir='ltr'><strong>darent,</strong></span> <span class='ocrx_word' id='word_1_71' title='bbox 874 1217 951 1261; x_wconf 78' lang='lat' dir='ltr'><strong>non</strong></span> <span class='ocrx_word' id='word_1_72' title='bbox 970 1218 1070 1284; x_wconf 85' lang='lat' dir='ltr'><strong>posse</strong></span> 
     </span>
     <span class='ocr_line' id='line_1_11' title="bbox 50 1305 1068 1388; baseline 0.003 -20"><span class='ocrx_word' id='word_1_73' title='bbox 50 1305 242 1387; x_wconf 81' lang='lat' dir='ltr'><strong>legitimam</strong></span> <span class='ocrx_word' id='word_1_74' title='bbox 262 1306 332 1369; x_wconf 83' lang='lat' dir='ltr'><strong>vim</strong></span> <span class='ocrx_word' id='word_1_75' title='bbox 351 1305 489 1383; x_wconf 86' lang='lat' dir='ltr'><strong>habere,</strong></span> <span class='ocrx_word' id='word_1_76' title='bbox 513 1306 688 1388; x_wconf 85' lang='lat' dir='ltr'><strong>quemlibet</strong></span> <span class='ocrx_word' id='word_1_77' title='bbox 707 1308 779 1388; x_wconf 82' lang='lat' dir='ltr'><strong>jure</strong></span> <span class='ocrx_word' id='word_1_78' title='bbox 801 1307 1006 1388; x_wconf 73' lang='lat' dir='ltr'><strong>obligationis</strong></span> <span class='ocrx_word' id='word_1_79' title='bbox 1027 1309 1068 1371; x_wconf 83' lang='lat' dir='ltr'><strong>li·</strong></span> 
     </span>
     <span class='ocr_line' id='line_1_12' title="bbox 50 1413 1069 1502; baseline 0.004 -21"><span class='ocrx_word' id='word_1_80' title='bbox 50 1415 136 1481; x_wconf 86' lang='lat' dir='ltr'><strong>dem</strong></span> <span class='ocrx_word' id='word_1_81' title='bbox 151 1444 155 1465; x_wconf 84' lang='lat'><strong>·</strong></span> <span class='ocrx_word' id='word_1_82' title='bbox 168 1417 408 1500; x_wconf 79' lang='lat' dir='ltr'><strong>neglectorum,</strong></span> <span class='ocrx_word' id='word_1_83' title='bbox 435 1413 534 1488; x_wconf 87' lang='lat' dir='ltr'><strong>modo</strong></span> <span class='ocrx_word' id='word_1_84' title='bbox 555 1436 599 1478; x_wconf 91' lang='lat' dir='ltr'><strong>ne</strong></span> <span class='ocrx_word' id='word_1_85' title='bbox 619 1416 716 1502; x_wconf 88' lang='lat' dir='ltr'><strong>plane</strong></span> <span class='ocrx_word' id='word_1_86' title='bbox 744 1419 868 1483; x_wconf 88' lang='lat' dir='ltr'><strong>limites</strong></span> <span class='ocrx_word' id='word_1_87' title='bbox 890 1428 1069 1485; x_wconf 71' lang='lat' dir='ltr'><strong>conuectos</strong></span> 
     </span>
     <span class='ocr_line' id='line_1_13' title="bbox 51 1523 751 1612; baseline 0.001 -18"><span class='ocrx_word' id='word_1_88' title='bbox 51 1531 167 1595; x_wconf 82' lang='lat' dir='ltr'><strong>exiret</strong></span> <span class='ocrx_word' id='word_1_89' title='bbox 190 1523 259 1610; x_wconf 81' lang='lat'><strong>¹⁶).</strong></span> <span class='ocrx_word' id='word_1_90' title='bbox 332 1578 337 1585; x_wconf 84' lang='lat'><strong>.</strong></span> <span class='ocrx_word' id='word_1_91' title='bbox 383 1603 388 1612; x_wconf 33' lang='lat'>¹</span> <span class='ocrx_word' id='word_1_92' title='bbox 748 1548 751 1554; x_wconf 81' lang='lat'><strong>·</strong></span> 
     </span>
    </p>
   </div>
   <div class='ocr_carea' id='block_1_3' title="bbox 507 1717 632 1804">
    <p class='ocr_par' dir='ltr' id='par_1_4' title="bbox 507 1717 632 1804">
     <span class='ocr_line' id='line_1_14' title="bbox 507 1717 632 1804; baseline -0.008 -20"><span class='ocrx_word' id='word_1_93' title='bbox 507 1724 533 1804; x_wconf 66' lang='lat' dir='ltr'><strong>c.</strong></span> <span class='ocrx_word' id='word_1_94' title='bbox 578 1717 632 1784; x_wconf 81' lang='lat'><strong>14.</strong></span> 
     </span>
    </p>
   </div>
   <div class='ocr_carea' id='block_1_4' title="bbox 20 1840 1173 3615">
    <p class='ocr_par' dir='ltr' id='par_1_5' title="bbox 20 1840 1097 2944">
     <span class='ocr_line' id='line_1_15' title="bbox 150 1840 1072 1947; baseline 0.005 -28"><span class='ocrx_word' id='word_1_95' title='bbox 150 1854 222 1919; x_wconf 84' lang='lat' dir='ltr'><strong>Etsi</strong></span> <span class='ocrx_word' id='word_1_96' title='bbox 242 1882 307 1925; x_wconf 89' lang='lat' dir='ltr'><strong>non</strong></span> <span class='ocrx_word' id='word_1_97' title='bbox 327 1880 421 1942; x_wconf 84' lang='lat' dir='ltr'><strong>nego,</strong></span> <span class='ocrx_word' id='word_1_98' title='bbox 444 1859 549 1921; x_wconf 89' lang='lat' dir='ltr'><strong>multa</strong></span> <span class='ocrx_word' id='word_1_99' title='bbox 570 1868 603 1921; x_wconf 85' lang='lat' dir='ltr'><strong>et</strong></span> <span class='ocrx_word' id='word_1_100' title='bbox 622 1840 781 1921; x_wconf 83' lang='lat' dir='ltr'><strong>subtiliter</strong></span> <span class='ocrx_word' id='word_1_101' title='bbox 801 1870 834 1924; x_wconf 88' lang='lat' dir='ltr'><strong>et</strong></span> <span class='ocrx_word' id='word_1_102' title='bbox 854 1856 1029 1946; x_wconf 88' lang='lat' dir='ltr'><strong>prudenter</strong></span> <span class='ocrx_word' id='word_1_103' title='bbox 1045 1882 1072 1947; x_wconf 68' lang='lat' dir='ltr'><strong>p</strong></span> 
     </span>
     <span class='ocr_line' id='line_1_16' title="bbox 59 1950 1072 2061; baseline 0.005 -29"><span class='ocrx_word' id='word_1_104' title='bbox 59 1971 190 2033; x_wconf 86' lang='lat' dir='ltr'><strong>nostris</strong></span> <span class='ocrx_word' id='word_1_105' title='bbox 214 1954 360 2057; x_wconf 83' lang='lat' dir='ltr'><strong>exposita</strong></span> <span class='ocrx_word' id='word_1_106' title='bbox 391 1950 482 2048; x_wconf 83' lang='lat' dir='ltr'><strong>esse,</strong></span> <span class='ocrx_word' id='word_1_107' title='bbox 509 1990 556 2033; x_wconf 82' lang='lat' dir='ltr'><strong>an</strong></span> <span class='ocrx_word' id='word_1_108' title='bbox 575 1981 693 2032; x_wconf 82' lang='lat' dir='ltr'><strong>tamen.</strong></span> <span class='ocrx_word' id='word_1_109' title='bbox 706 1968 774 2032; x_wconf 87' lang='lat' dir='ltr'><strong>ulla</strong></span> <span class='ocrx_word' id='word_1_110' title='bbox 795 1973 1072 2061; x_wconf 82' lang='lat' dir='ltr'><strong>eontentiatesti-</strong></span> 
     </span>
     <span class='ocr_line' id='line_1_17' title="bbox 58 2078 1072 2168; baseline -0.001 -21"><span class='ocrx_word' id='word_1_111' title='bbox 58 2082 185 2147; x_wconf 88' lang='lat' dir='ltr'><strong>moniis</strong></span> <span class='ocrx_word' id='word_1_112' title='bbox 206 2084 251 2146; x_wconf 88' lang='lat' dir='ltr'><strong>sit</strong></span> <span class='ocrx_word' id='word_1_113' title='bbox 270 2084 424 2168; x_wconf 85' lang='lat' dir='ltr'><strong>probata,</strong></span> <span class='ocrx_word' id='word_1_114' title='bbox 454 2078 585 2145; x_wconf 86' lang='lat' dir='ltr'><strong>dubito:</strong></span> <span class='ocrx_word' id='word_1_115' title='bbox 625 2099 700 2143; x_wconf 87' lang='lat' dir='ltr'><strong>com</strong></span> <span class='ocrx_word' id='word_1_116' title='bbox 718 2089 752 2141; x_wconf 88' lang='lat' dir='ltr'><strong>et</strong></span> <span class='ocrx_word' id='word_1_117' title='bbox 771 2092 927 2162; x_wconf 81' lang='lat' dir='ltr'><strong>auctores,</strong></span> <span class='ocrx_word' id='word_1_118' title='bbox 950 2083 1008 2168; x_wconf 84' lang='lat' dir='ltr'><strong>qui</strong></span> <span class='ocrx_word' id='word_1_119' title='bbox 1028 2080 1072 2145; x_wconf 88' lang='lat' dir='ltr'><strong>de</strong></span> 
     </span>
     <span class='ocr_line' id='line_1_18' title="bbox 62 2186 1074 2276; baseline 0 -21"><span class='ocrx_word' id='word_1_120' title='bbox 62 2189 306 2255; x_wconf 72' lang='lat' dir='ltr'><strong>discriminibus</strong></span> <span class='ocrx_word' id='word_1_121' title='bbox 340 2193 504 2259; x_wconf 72' lang='lat' dir='ltr'><strong>acfionum</strong></span> <span class='ocrx_word' id='word_1_122' title='bbox 533 2186 720 2267; x_wconf 72' lang='lat' dir='ltr'><strong>tradebant,</strong></span> <span class='ocrx_word' id='word_1_123' title='bbox 761 2211 917 2276; x_wconf 79' lang='lat' dir='ltr'><strong>persaepe</strong></span> <span class='ocrx_word' id='word_1_124' title='bbox 946 2212 966 2254; x_wconf 89' lang='lat' dir='ltr'><strong>e</strong></span> <span class='ocrx_word' id='word_1_125' title='bbox 993 2193 1074 2255; x_wconf 86' lang='lat' dir='ltr'><strong>locis</strong></span> 
     </span>
     <span class='ocr_line' id='line_1_19' title="bbox 66 2298 1076 2379; baseline 0.002 -16"><span class='ocrx_word' id='word_1_126' title='bbox 66 2299 160 2363; x_wconf 82' lang='lat' dir='ltr'><strong>mele</strong></span> <span class='ocrx_word' id='word_1_127' title='bbox 188 2299 360 2363; x_wconf 83' lang='lat' dir='ltr'><strong>intellectis</strong></span> <span class='ocrx_word' id='word_1_128' title='bbox 385 2302 569 2379; x_wconf 77' lang='lat' dir='ltr'><strong>haurirent,</strong></span> <span class='ocrx_word' id='word_1_129' title='bbox 601 2308 635 2362; x_wconf 91' lang='lat' dir='ltr'><strong>et</strong></span> <span class='ocrx_word' id='word_1_130' title='bbox 661 2300 753 2362; x_wconf 83' lang='lat' dir='ltr'><strong>varia</strong></span> <span class='ocrx_word' id='word_1_131' title='bbox 780 2298 1014 2365; x_wconf 78' lang='lat' dir='ltr'><strong>confunderent</strong></span> <span class='ocrx_word' id='word_1_132' title='bbox 1038 2322 1076 2365; x_wconf 85' lang='lat' dir='ltr'><strong>ac</strong></span> 
     </span>
     <span class='ocr_line' id='line_1_20' title="bbox 64 2398 1076 2499; baseline 0.005 -26"><span class='ocrx_word' id='word_1_133' title='bbox 64 2398 312 2499; x_wconf 74' lang='lat' dir='ltr'><strong>permutarent,</strong></span> <span class='ocrx_word' id='word_1_134' title='bbox 345 2423 382 2475; x_wconf 91' lang='lat' dir='ltr'><strong>ut</strong></span> <span class='ocrx_word' id='word_1_135' title='bbox 400 2432 420 2474; x_wconf 86' lang='lat' dir='ltr'><strong>e</strong></span> <span class='ocrx_word' id='word_1_136' title='bbox 439 2420 520 2475; x_wconf 80' lang='lat' dir='ltr'><strong>vero</strong></span> <span class='ocrx_word' id='word_1_137' title='bbox 535 2405 714 2474; x_wconf 81' lang='lat' dir='ltr'><strong>¹videantur</strong></span> <span class='ocrx_word' id='word_1_138' title='bbox 739 2431 871 2497; x_wconf 86' lang='lat' dir='ltr'><strong>prorsus</strong></span> <span class='ocrx_word' id='word_1_139' title='bbox 900 2412 1076 2479; x_wconf 85' lang='lat' dir='ltr'><strong>oberrasse.</strong></span> 
     </span>
     <span class='ocr_line' id='line_1_21' title="bbox 62 2513 1077 2612; baseline 0.001 -26"><span class='ocrx_word' id='word_1_140' title='bbox 62 2520 117 2586; x_wconf 77' lang='lat' dir='ltr'><strong>Ne</strong></span> <span class='ocrx_word' id='word_1_141' title='bbox 139 2513 250 2584; x_wconf 81' lang='lat' dir='ltr'><strong>autem</strong></span> <span class='ocrx_word' id='word_1_142' title='bbox 272 2523 322 2585; x_wconf 85' lang='lat' dir='ltr'><strong>cui</strong></span> <span class='ocrx_word' id='word_1_143' title='bbox 343 2544 493 2605; x_wconf 81' lang='lat' dir='ltr'><strong>arrogans</strong></span> <span class='ocrx_word' id='word_1_144' title='bbox 516 2532 549 2587; x_wconf 91' lang='lat' dir='ltr'><strong>et</strong></span> <span class='ocrx_word' id='word_1_145' title='bbox 564 2522 687 2594; x_wconf 87' lang='lat' dir='ltr'><strong>multus</strong></span> <span class='ocrx_word' id='word_1_146' title='bbox 708 2521 828 2612; x_wconf 79' lang='lat' dir='ltr'><strong>ridear,</strong></span> <span class='ocrx_word' id='word_1_147' title='bbox 852 2524 880 2587; x_wconf 86' lang='lat' dir='ltr'><strong>ei</strong></span> <span class='ocrx_word' id='word_1_148' title='bbox 900 2525 1077 2587; x_wconf 83' lang='lat' dir='ltr'><strong>refutarem</strong></span> 
     </span>
     <span class='ocr_line' id='line_1_22' title="bbox 64 2614 1097 2721; baseline 0.001 -25"><span class='ocrx_word' id='word_1_149' title='bbox 64 2633 238 2713; x_wconf 84' lang='lat' dir='ltr'><strong>doctorum</strong></span> <span class='ocrx_word' id='word_1_150' title='bbox 258 2636 374 2721; x_wconf 86' lang='lat' dir='ltr'><strong>placita</strong></span> <span class='ocrx_word' id='word_1_151' title='bbox 391 2635 510 2709; x_wconf 74' lang='lat' dir='ltr'><strong>multis</strong></span> <span class='ocrx_word' id='word_1_152' title='bbox 522 2636 648 2714; x_wconf 68' lang='lat' dir='ltr'><strong>⁴verbis,</strong></span> <span class='ocrx_word' id='word_1_153' title='bbox 674 2653 714 2696; x_wconf 87' lang='lat' dir='ltr'><strong>ea</strong></span> <span class='ocrx_word' id='word_1_154' title='bbox 732 2633 929 2721; x_wconf 82' lang='lat' dir='ltr'><strong>relinquam:</strong></span> <span class='ocrx_word' id='word_1_155' title='bbox 952 2633 1077 2699; x_wconf 86' lang='lat' dir='ltr'><strong>etenim</strong></span> <span class='ocrx_word' id='word_1_156' title='bbox 1093 2614 1097 2630; x_wconf 27' lang='grc' dir='ltr'>ἱ</span> 
     </span>
     <span class='ocr_line' id='line_1_23' title="bbox 64 2741 1076 2828; baseline 0.003 -24"><span class='ocrx_word' id='word_1_157' title='bbox 64 2741 206 2827; x_wconf 84' lang='lat' dir='ltr'><strong>longum</strong></span> <span class='ocrx_word' id='word_1_158' title='bbox 225 2755 276 2807; x_wconf 88' lang='lat' dir='ltr'><strong>est</strong></span> <span class='ocrx_word' id='word_1_159' title='bbox 294 2746 440 2828; x_wconf 86' lang='lat' dir='ltr'><strong>singulos</strong></span> <span class='ocrx_word' id='word_1_160' title='bbox 460 2748 618 2827; x_wconf 70' lang='lat' dir='ltr'><strong>refutare,</strong></span> <span class='ocrx_word' id='word_1_161' title='bbox 640 2755 674 2808; x_wconf 85' lang='lat' dir='ltr'><strong>et</strong></span> <span class='ocrx_word' id='word_1_162' title='bbox 687 2764 796 2810; x_wconf 87' lang='lat' dir='ltr'><strong>meam</strong></span> <span class='ocrx_word' id='word_1_163' title='bbox 809 2745 1007 2812; x_wconf 84' lang='lat' dir='ltr'><strong>sententiam</strong></span> <span class='ocrx_word' id='word_1_164' title='bbox 1027 2741 1076 2808; x_wconf 89' lang='lat' dir='ltr'><strong>rei</strong></span> 
     </span>
     <span class='ocr_line' id='line_1_24' title="bbox 20 2855 611 2944; baseline 0.005 -27"><span class='ocrx_word' id='word_1_165' title='bbox 20 2868 34 2925; x_wconf 81' lang='grc'><strong>“,</strong></span> <span class='ocrx_word' id='word_1_166' title='bbox 64 2855 317 2944; x_wconf 75' lang='lat' dir='ltr'><strong>pertractatione</strong></span> <span class='ocrx_word' id='word_1_167' title='bbox 337 2857 420 2934; x_wconf 34' lang='lat' dir='ltr'><strong>sotis⁸</strong></span> <span class='ocrx_word' id='word_1_168' title='bbox 438 2873 611 2944; x_wconf 73' lang='lat' dir='ltr'><strong>erponm.</strong></span> 
     </span>
    </p>

    <p class='ocr_par' dir='ltr' id='par_1_6' title="bbox 68 2964 1116 3165">
     <span class='ocr_line' id='line_1_25' title="bbox 68 2964 1079 3055; baseline -0.002 -27"><span class='ocrx_word' id='word_1_169' title='bbox 68 3042 73 3049; x_wconf 28' lang='grc' dir='ltr'>Ι</span> <span class='ocrx_word' id='word_1_170' title='bbox 93 2982 96 2989; x_wconf 92' lang='grc'><em>·</em></span> <span class='ocrx_word' id='word_1_171' title='bbox 116 2966 119 2971; x_wconf 82' lang='lat'>&#39;</span> <span class='ocrx_word' id='word_1_172' title='bbox 156 2964 241 3055; x_wconf 70' lang='lat' dir='ltr'><strong>lam·</strong></span> <span class='ocrx_word' id='word_1_173' title='bbox 253 2964 295 3031; x_wconf 88' lang='lat' dir='ltr'><strong>de</strong></span> <span class='ocrx_word' id='word_1_174' title='bbox 315 2964 553 3033; x_wconf 79' lang='lat' dir='ltr'><strong>discriminibus</strong></span> <span class='ocrx_word' id='word_1_175' title='bbox 575 2966 718 3031; x_wconf 82' lang='lat' dir='ltr'><strong>dicturos</strong></span> <span class='ocrx_word' id='word_1_176' title='bbox 740 2985 813 3055; x_wconf 84' lang='lat' dir='ltr'><strong>sum</strong></span> <span class='ocrx_word' id='word_1_177' title='bbox 833 2964 997 3028; x_wconf 87' lang='lat' dir='ltr'><strong>actionum</strong></span> <span class='ocrx_word' id='word_1_178' title='bbox 1017 2964 1079 3026; x_wconf 89' lang='lat' dir='ltr'><strong>bo·</strong></span> 
     </span>
     <span class='ocr_line' id='line_1_26' title="bbox 68 3071 1116 3165; baseline -0.009 -23"><span class='ocrx_word' id='word_1_179' title='bbox 68 3098 132 3155; x_wconf 85' lang='lat' dir='ltr'><strong>nae</strong></span> <span class='ocrx_word' id='word_1_180' title='bbox 161 3075 239 3153; x_wconf 83' lang='lat' dir='ltr'><strong>fidei</strong></span> <span class='ocrx_word' id='word_1_181' title='bbox 266 3088 300 3142; x_wconf 89' lang='lat' dir='ltr'><strong>et</strong></span> <span class='ocrx_word' id='word_1_182' title='bbox 330 3079 431 3142; x_wconf 87' lang='lat' dir='ltr'><strong>stricti</strong></span> <span class='ocrx_word' id='word_1_183' title='bbox 457 3071 555 3161; x_wconf 86' lang='lat' dir='ltr'><strong>juris,</strong></span> <span class='ocrx_word' id='word_1_184' title='bbox 587 3090 642 3158; x_wconf 89' lang='lat' dir='ltr'><strong>ut,</strong></span> <span class='ocrx_word' id='word_1_185' title='bbox 675 3074 752 3165; x_wconf 89' lang='lat' dir='ltr'><strong>quid</strong></span> <span class='ocrx_word' id='word_1_186' title='bbox 779 3075 925 3140; x_wconf 88' lang='lat' dir='ltr'><strong>strictum</strong></span> <span class='ocrx_word' id='word_1_187' title='bbox 952 3071 997 3136; x_wconf 93' lang='lat' dir='ltr'><strong>sit</strong></span> <span class='ocrx_word' id='word_1_188' title='bbox 1014 3074 1078 3153; x_wconf 88' lang='lat' dir='ltr'><strong>jus,</strong></span> <span class='ocrx_word' id='word_1_189' title='bbox 1114 3098 1116 3102; x_wconf 47' lang='lat'><em>⁴</em></span> 
     </span>
    </p>

    <p class='ocr_par' dir='ltr' id='par_1_7' title="bbox 71 3184 1173 3615">
     <span class='ocr_line' id='line_1_27' title="bbox 71 3184 1173 3277; baseline 0 -28"><span class='ocrx_word' id='word_1_190' title='bbox 71 3184 244 3273; x_wconf 76' lang='lat' dir='ltr'><strong>quaenam-</strong></span> <span class='ocrx_word' id='word_1_191' title='bbox 251 3190 333 3268; x_wconf 89' lang='lat' dir='ltr'><strong>juris</strong></span> <span class='ocrx_word' id='word_1_192' title='bbox 354 3187 537 3270; x_wconf 83' lang='lat' dir='ltr'><strong>adstrictio,</strong></span> <span class='ocrx_word' id='word_1_193' title='bbox 560 3210 642 3277; x_wconf 88' lang='lat' dir='ltr'><strong>quae</strong></span> <span class='ocrx_word' id='word_1_194' title='bbox 664 3187 804 3275; x_wconf 87' lang='lat' dir='ltr'><strong>denique</strong></span> <span class='ocrx_word' id='word_1_195' title='bbox 823 3185 978 3274; x_wconf 87' lang='lat' dir='ltr'><strong>aequitas,</strong></span> <span class='ocrx_word' id='word_1_196' title='bbox 1001 3200 1082 3246; x_wconf 83' lang='lat' dir='ltr'><strong>con·</strong></span> <span class='ocrx_word' id='word_1_197' title='bbox 1171 3245 1173 3249; x_wconf 81' lang='grc'>,</span> 
     </span>
     <span class='ocr_line' id='line_1_28' title="bbox 73 3282 1095 3388; baseline -0.011 -23"><span class='ocrx_word' id='word_1_198' title='bbox 73 3299 231 3365; x_wconf 71' lang='lat' dir='ltr'><strong>fidemus.</strong></span> <span class='ocrx_word' id='word_1_199' title='bbox 291 3298 387 3382; x_wconf 85' lang='lat' dir='ltr'><strong>Quae</strong></span> <span class='ocrx_word' id='word_1_200' title='bbox 416 3300 549 3388; x_wconf 88' lang='lat' dir='ltr'><strong>quidem</strong></span> <span class='ocrx_word' id='word_1_201' title='bbox 574 3322 628 3367; x_wconf 87' lang='lat' dir='ltr'><strong>res</strong></span> <span class='ocrx_word' id='word_1_202' title='bbox 656 3301 739 3366; x_wconf 87' lang='lat' dir='ltr'><strong>mihi</strong></span> <span class='ocrx_word' id='word_1_203' title='bbox 763 3295 892 3364; x_wconf 74' lang='lat' dir='ltr'><strong>ridetur</strong></span> <span class='ocrx_word' id='word_1_204' title='bbox 918 3315 939 3358; x_wconf 85' lang='lat' dir='ltr'><strong>a</strong></span> <span class='ocrx_word' id='word_1_205' title='bbox 962 3282 1095 3359; x_wconf 69' lang='lat' dir='ltr'><strong>nostris</strong></span> 
     </span>
     <span class='ocr_line' id='line_1_29' title="bbox 71 3395 1085 3504; baseline -0.01 -30"><span class='ocrx_word' id='word_1_206' title='bbox 71 3423 133 3474; x_wconf 79' lang='lat' dir='ltr'><strong>eut</strong></span> <span class='ocrx_word' id='word_1_207' title='bbox 150 3407 307 3493; x_wconf 76' lang='lat' dir='ltr'><strong>ignorata,</strong></span> <span class='ocrx_word' id='word_1_208' title='bbox 331 3425 388 3476; x_wconf 90' lang='lat' dir='ltr'><strong>aut</strong></span> <span class='ocrx_word' id='word_1_209' title='bbox 407 3414 539 3495; x_wconf 68' lang='lat' dir='ltr'><strong>relicte,</strong></span> <span class='ocrx_word' id='word_1_210' title='bbox 562 3424 596 3477; x_wconf 90' lang='lat' dir='ltr'><strong>et</strong></span> <span class='ocrx_word' id='word_1_211' title='bbox 615 3412 782 3504; x_wconf 84' lang='lat' dir='ltr'><strong>proposui,</strong></span> <span class='ocrx_word' id='word_1_212' title='bbox 805 3395 950 3496; x_wconf 82' lang='lat' dir='ltr'><strong>primum</strong></span> <span class='ocrx_word' id='word_1_213' title='bbox 961 3401 1003 3470; x_wconf 87' lang='lat' dir='ltr'><strong>de</strong></span> <span class='ocrx_word' id='word_1_214' title='bbox 1016 3400 1085 3466; x_wconf 89' lang='lat' dir='ltr'><strong>doli</strong></span> 
     </span>
     <span class='ocr_line' id='line_1_30' title="bbox 71 3514 1086 3615; baseline -0.002 -29"><span class='ocrx_word' id='word_1_215' title='bbox 71 3542 109 3587; x_wconf 80' lang='lat' dir='ltr'><strong>ec</strong></span> <span class='ocrx_word' id='word_1_216' title='bbox 138 3521 254 3609; x_wconf 80' lang='lat' dir='ltr'><strong>culpae</strong></span> <span class='ocrx_word' id='word_1_217' title='bbox 281 3524 372 3586; x_wconf 76' lang='lat' dir='ltr'><strong>varia</strong></span> <span class='ocrx_word' id='word_1_218' title='bbox 397 3523 614 3612; x_wconf 84' lang='lat' dir='ltr'><strong>praestatione</strong></span> <span class='ocrx_word' id='word_1_219' title='bbox 640 3514 969 3604; x_wconf 63' lang='lat' dir='ltr'><strong>exuberatum,</strong></span> <span class='ocrx_word' id='word_1_220' title='bbox 997 3524 1086 3615; x_wconf 19' lang='lat' dir='ltr'><strong>&#39;tum</strong></span> 
     </span>
    </p>
   </div>
   <div class='ocr_carea' id='block_1_5' title="bbox 73 3781 668 3961">
    <p class='ocr_par' dir='ltr' id='par_1_8' title="bbox 73 3781 668 3961">
     <span class='ocr_line' id='line_1_31' title="bbox 75 3781 278 3854; baseline 0 -15"><span class='ocrx_word' id='word_1_221' title='bbox 75 3784 127 3847; x_wconf 80' lang='lat'><strong>¹⁸)</strong></span> <span class='ocrx_word' id='word_1_222' title='bbox 146 3783 213 3854; x_wconf 70' lang='lat' dir='ltr'><strong>Peg.</strong></span> <span class='ocrx_word' id='word_1_223' title='bbox 232 3781 278 3839; x_wconf 76' lang='grc'><strong>94.</strong></span> 
     </span>
     <span class='ocr_line' id='line_1_32' title="bbox 73 3873 668 3961; baseline -0.017 -18"><span class='ocrx_word' id='word_1_224' title='bbox 73 3878 124 3942; x_wconf 82' lang='lat'><strong>¹⁶)</strong></span> <span class='ocrx_word' id='word_1_225' title='bbox 143 3873 190 3929; x_wconf 75' lang='lat' dir='ltr'><strong>Cs-</strong></span> <span class='ocrx_word' id='word_1_226' title='bbox 209 3874 341 3946; x_wconf 83' lang='lat' dir='ltr'><strong>inprimis</strong></span> <span class='ocrx_word' id='word_1_227' title='bbox 359 3893 422 3949; x_wconf 67' lang='lat' dir='ltr'><strong>pag.</strong></span> <span class='ocrx_word' id='word_1_228' title='bbox 441 3877 483 3933; x_wconf 80' lang='lat'><strong>¹8.</strong></span> <span class='ocrx_word' id='word_1_229' title='bbox 503 3884 530 3932; x_wconf 82' lang='lat' dir='ltr'><strong>et</strong></span> <span class='ocrx_word' id='word_1_230' title='bbox 548 3874 591 3931; x_wconf 68' lang='grc'><strong>19.</strong></span> <span class='ocrx_word' id='word_1_231' title='bbox 640 3956 643 3961; x_wconf 88' lang='lat'><em>.</em></span> <span class='ocrx_word' id='word_1_232' title='bbox 666 3928 668 3933; x_wconf 24' lang='lat'><strong>⁴</strong></span> 
     </span>
    </p>
   </div>
   <div class='ocr_carea' id='block_1_6' title="bbox 0 0 1222 4328">
    <p class='ocr_par' dir='ltr' id='par_1_9' title="bbox 0 0 1222 4328">
     <span class='ocr_line' id='line_1_33' title="bbox 0 0 1222 4328; baseline 0 0"><span class='ocrx_word' id='word_1_233' title='bbox 0 0 1222 4328; x_wconf 95' lang='lat' dir='ltr'><strong> </strong></span> 
     </span>
    </p>
   </div>
  </div>
 </body>
</html>
