2400 4328
270 144 278 176 t
467 205 511 223 .-
573 172 595 241 3
659 208 702 226 .-

74 354 278 424 mentionem
293 344 383 429 fecit,
404 343 509 434 deque
531 340 646 429 egendi
666 343 753 432 opud
774 349 994 418 sumrstions
1016 363 1084 418 tra-

72 458 130 533 dit.
175 458 352 540 Perdooet,
380 457 519 538 iudicem
539 457 743 536 litigantibus
763 478 835 524 esse
855 457 926 524 deri
949 462 1085 529 solitum

20 652 27 667 ‚
70 561 150 668 post*
164 573 257 638 diem
285 571 485 636 tricesimum
508 563 548 652 ⁴)
576 565 834 634 correctorem
862 568 1082 654 redeuntibus,
1111 620 1118 633 .

20 706 23 713 ·
71 703 125 770 er,
155 683 265 768 iudice
287 679 382 755 dato,
412 670 553 744 actorem
574 699 634 743 suo
655 676 840 744 edversario
861 678 1082 766 denunciesss,

72 822 110 867 se
142 816 226 860 nuuc
254 792 309 855 dic
336 790 434 855 tertio
464 787 505 854 ed
529 786 671 868 judicem
697 785 939 876 perventurum.
990 793 1084 876 Quos

74 929 161 975 vero
186 907 221 968 in
247 908 318 985 jure
344 897 528 988 peragendo
557 909 683 979 essent,
728 912 901 990 antequem
928 902 1084 985 judicium

10 1058 12 1062 -
50 1015 228 1094 debetur,
264 1007 598 1105 testimoniispnescio
620 1014 795 1077 accuratius
815 1014 973 1100 probare,
1010 1037 1084 1085 curn

53 1180 57 1186 .
80 1131 167 1192 locus
186 1133 298 1187 noster
316 1121 354 1184 in
374 1120 476 1185 nimia
496 1124 595 1185 litura
616 1121 670 1185 sit.
711 1118 752 1185 In
771 1121 891 1203 judicio
911 1145 1002 1202 uero,
1025 1146 1085 1192 en·

78 1248 208 1321 tequam
229 1231 366 1319 quisque
386 1238 458 1296 iem
480 1253 572 1298 suem
586 1239 784 1319 peroraret,-
806 1243 842 1297 et
863 1246 1020 1314 actorem,
1050 1247 1084 1303 et

74 1366 170 1414 reum
189 1342 333 1408 breviter
353 1363 424 1408 rem
445 1344 638 1430 exposuisse
658 1349 768 1407 nariet
793 1357 922 1425 ructor,
958 1343 1000 1411 de
1018 1369 1084 1434 que

72 1459 116 1524 lis
137 1466 226 1522 esset
245 1435 374 1534 fusuro,
402 1450 590 1534 collegisse,
624 1432 796 1540 peucisque
818 1440 1005 1521 exhibuisse
1032 1479 1103 1538 ea,

74 1587 158 1657 quae
179 1538 316 1654 posthac
336 1574 414 1627 ante
433 1561 574 1645 judicem
601 1563 714 1626 multis
740 1565 848 1628 verbis
884 1566 1083 1633 retractenda

33 1685 44 1719 l
71 1683 183 1744 forent
202 1687 236 1740 et
255 1671 456 1764 peroranda,
475 1673 626 1758 hancque
647 1692 761 1736 causae
782 1673 1004 1742 collectionem
1022 1677 1082 1744 ed·

76 1791 158 1854 serit
178 1785 295 1850 dictem
320 1780 370 1869 ⁸).

75 1949 278 1972 m

64 2045 166 2130 '„⁴).ls
185 2047 244 2104 dies
261 2047 420 2128 tricesimus
437 2056 512 2117 erat,
529 2047 840 2122 postqusmlitigsntes
858 2064 971 2106 censam
988 2051 1018 2106 in
1035 2052 1082 2125 jn·

137 2158 171 2195 re
188 2151 382 2213 exposuerent.
908 2212 909 2217 1

79 2232 118 2300 ⁸)
141 2224 229 2298 Gniufs
246 2247 308 2284 eam
328 2247 391 2283 rem
405 2229 555 2301 perscribit
579 2232 634 2298 IV,
658 2228 708 2296 15,
734 2228 813 2287 hisce
828 2229 949 2309 [quidem
971 2231 1081 2288 verbis:

82 2362 111 2397 ι]
154 2319 216 2385 „ad
233 2319 353 2398 judicem
371 2320 559 2390 accipiendum
576 2323 723 2378 venirents
755 2329 855 2392 postea
875 2339 943 2379 vcro
966 2323 1083 2377 reversis

153 2410 273 2465 debatur
289 2447 299 2466 .
318 2449 326 2466 .
344 2411 449 2470 ,xxx
465 2411 580 2482 judex.'’
619 2413 684 2468 iam
701 2411 853 2482 interjectis
874 2413 987 2484 paucis,
1011 2429 1084 2484 qnae

149 2490 307 2575 accuratius
322 2502 463 2576 inquirere
485 2521 563 2560 nuuc
579 2504 630 2559 abs
645 2522 676 2559 re
693 2511 747 2572 est,
773 2503 865 2577 pcr'git
887 2512 985 2559 auctor
1002 2502 1036 2558 de
1052 2522 1085 2560 rs

146 2604 246 2649 nostra
262 2593 488 2652 haec-adsereret
514 2606 635 2668 „postea
657 2605 767 2662 temen,
793 2612 878 2666 quern
898 2596 980 2667 judex
1003 2594 1084 2652 dutus

145 2697 232 2752 esset,
255 2687 507 2761 comperendinurn
524 2686 599 2742 diem
617 2696 648 2742 ut
672 2685 707 2741 ad
729 2678 849 2756 judicem
871 2689 1014 2753 venirent,
1037 2690 1083 2744 de·
1156 2742 1161 2757 ,

143 2777 330 2848 nuntiabant,
359 2778 459 2835 deiude
476 2796 542 2834 curn
559 2776 594 2833 ad
611 2762 732 2848 judicem
750 2766 899 2845 venerebt,
932 2788 1081 2853 antequam

143 2869 220 2942 apud
237 2888 302 2937 euru¹
318 2888 431 2927 causam
446 2879 625 2943 perorarent,
640 2868 770 2925 solebant
780 2856 904 2925 breviter
919 2871 944 2925 el
962 2880 989 2925 et
1004 2874 1084 2944 quasi

142 2979 197 3035 per
217 2960 340 3017 indicem
361 2979 425 3017 rem
450 2977 610 3034 exponeres
639 2977 711 3032 quae
733 2951 878 3016 dicebatur
902 2978 1000 3016 csusec
1023 2964 1084 3016 col·

142 3051 255 3108 lectio.'’
290 3055 382 3112 Locus
398 3054 519 3125 ipse'set
536 3035 768 3125 perspicuumst,
787 3061 814 3106 et
831 3051 861 3125 ip
878 3067 909 3104 re
925 3049 999 3107 nihil
1013 3052 1084 3125 npiht

98 3158 101 3163 ’
141 3143 256 3199 videtur
272 3162 346 3209 esse,
371 3144 448 3217 quod
466 3142 557 3199 fusius
580 3141 775 3216 explicandum
799 3143 845 3196 sit.
877 3128 1010 3199 'Aerem
1028 3164 1084 3202 no·

142 3221 235 3292 strum¹
254 3235 431 3308 probandam
460 3228 619 3304 conferas,
645 3233 731 3290 velim
769 3231 894 3288 Gellium
925 3234 957 3290 in
982 3237 1023 3293 tt·
1048 3238 1083 3293 A.

140 3327 244 3392 xvir,
266 3326 294 3382 2.
329 3327 419 3383 Haud
439 3327 561 3383 obscure
588 3335 689 3382 auctor
711 3322 824 3398 prodit,
845 3322 919 3381 benc
944 3329 1084 3385 rationem

138 3419 198 3491 jam
214 3428 342 3492 ternpore
354 3420 407 3476 llll
423 3419 584 3475 tabularum
600 3419 631 3472 in
646 3416 758 3486 judiciis
770 3416 924 3473 obtinuisse
930 3438 938 3484 ς
956 3420 997 3476 sic
1008 3421 1085 3476 enirn

39 3556 51 3582 ,
139 3510 282 3582 scriptum
305 3510 447 3586 reliquit,
466 3510 552 3567 verbs
574 3509 701 3565 referens
720 3508 771 3563 llll
789 3509 960 3577 tabularum:
1016 3523 1083 3567 ants

139 3600 289 3657 meridiem
307 3619 419 3663 censam
433 3601 569 3667 conscito,
586 3617 651 3655 cum
669 3610 804 3672 perorent
816 3601 899 3656 ambo
912 3613 1082 3680 praesentes.

134 3692 211 3749 Post
225 3693 374 3751 meridiem
388 3695 530 3766 praesenti
548 3691 628 3746 litem
643 3692 781 3748 addicitoa
805 3693 830 3747 si
850 3692 936 3749 ambo
953 3712 1083 3765 praesen·
1141 3701 1144 3710 '

134 3793 197 3853 tes,
214 3784 259 3840 sol
276 3800 393 3849 beessus
408 3799 539 3856 supreme
556 3791 705 3855 tempestas
722 3784 818 3841 esto.”
865 3783 977 3855 Quibus
1001 3785 1084 3842 dictls

131 3877 167 3933 iu
183 3876 319 3950 ambiguo
339 3895 400 3931 uon
417 3893 477 3932 esse
496 3874 582 3940 lecit,
596 3868 625 3928 id
645 3873 721 3947 qnod
739 3892 756 3930 a
773 3873 844 3946 Gaio
860 3875 1008 3948 perspicue
1023 3887 1085 3934 tra·
1142 3907 1173 3935 c·

711 3967 928 4061 s2
