2400 4328
542 166 774 233 ..134-

162 367 235 409 enni
264 341 370 409 Retio
402 341 572 425 scriptores
602 342 671 403 fore
699 365 823 406 omnes.
865 342 913 406 At
942 341 1163 426 difficultates,

76 504 79 509 -
162 460 275 544 quibus
295 454 521 527 inhaerebant,
543 452 627 512 mihi
646 449 759 516 deesse
779 452 945 532 videntur,
969 477 1046 518 cum
1065 458 1166 558 longe

162 569 225 631 itia
244 584 320 627 mea
340 565 385 626 sit
403 559 445 623 de
465 562 705 646 exceptionibus
736 559 822 647 apud
842 561 1008 628 Romanos
1031 581 1166 632 senten-

82 650 85 655 ·
163 679 229 740 tis:
253 698 288 738 ac
310 646 684 759 te'compettsauottitus
705 672 836 760 quidem
857 675 935 737 satis
956 672 1081 743 titium
1101 694 1162 742 est.

495 848 498 853 ¹
602 907 628 986 t.
674 901 727 968 ta.

248 1072 417 1163 Deinceps,
439 1086 477 1136 ut
496 1085 565 1137 erat
583 1076 795 1160 propositum,
814 1069 855 1133 de
870 1072 1087 1140 evictionibus
1099 1075 1166 1141 dis-

165 1185 336 1249 serendum
357 1201 426 1250 ost:
447 1206 545 1271 qnam
565 1204 636 1246 rem
656 1204 677 1245 a
698 1184 827 1261 nostris,
842 1183 898 1267 qni
917 1181 958 1247 dn
978 1183 1165 1256 discrimine

164 1297 280 1361 barum
301 1299 460 1361 actionum
482 1296 692 1380 scripserunt,
722 1296 819 1379 plane
848 1296 1002 1358 omissam
1022 1318 1097 1362 esse
1115 1302 1164 1364 vi-

164 1406 236 1470 deo.
281 1410 438 1471 Attamen
465 1407 675 1469 evictionibus
706 1404 825 1489 aliquid
854 1407 933 1468 novi
959 1407 1164 1486 obligationi-

164 1520 225 1582 bus
248 1519 406 1598 accedere,
429 1536 504 1580 non
516 1515 649 1579 dubium
670 1527 739 1578 est:
767 1528 800 1577 et
820 1516 986 1580 evictionis
999 1519 1160 1582 renonem

165 1632 352 1714 obligationi
377 1640 444 1692 non
475 1629 599 1705 inesse,
631 1629 764 1713 quilibet
783 1631 865 1705 jain,
896 1639 930 1689 et
950 1648 1007 1690 ms
1023 1640 1162 1710 tacente,

164 1740 345 1822 intelliget,
384 1761 457 1800 tum
486 1750 593 1823 pateat
620 1737 794 1823 perspicuis
821 1740 1018 1802 testimoniis
1041 1716 1100 1824 τ),
1130 1745 1165 1805 it

164 1852 195 1912 b.
218 1853 241 1912 f.
268 1848 392 1930 judiciis
410 1848 562 1909 evictioni
582 1850 690 1909 locum
719 1868 810 1923 esse‚·
839 1870 898 1910 nec
927 1851 992 1910 alia
1020 1870 1163 1938 unquam

116 1984 121 1993 ·
166 1968 216 2020 est
238 1959 320 2020 actio
341 1956 537 2039 introducta,
568 1979 631 2044 qua
650 1959 724 2044 quis
742 1955 784 2019 de
804 1959 1018 2021 evictionibus
1040 1974 1163 2027 actmns

165 2080 262 2132 esset.

247 2175 313 2242 Sed
334 2182 398 2242 alia
419 2176 578 2244 volvenda
600 2192 650 2242 est
672 2180 833 2265 quaestio,
864 2190 897 2241 et
916 2176 1107 2259 difficilior,
1136 2195 1165 2246 ot

164 2286 309 2366 'gravium
338 2314 420 2377 quae
450 2312 545 2354 causa
574 2291 691 2375 duplae
718 2291 932 2377 stipulationis
952 2292 988 2352 in
1015 2295 1165 2359 emtioni-

165 2399 226 2462 bus
248 2404 300 2463 sit.
343 2402 450 2466 Valde
471 2404 591 2465 mirum
611 2400 747 2479 videtui,
771 2401 848 2485 quid
868 2401 1032 2486 sit-quod
1047 2404 1165 2469 Roma·

165 2512 200 2570 ni
221 2532 361 2596 unquam
382 2514 529 2596 stipulari
552 2512 638 2571 soliti
658 2521 782 2589 essent,
804 2525 916 2598 utputo
936 2532 1012 2575 cuin
1033 2518 1166 2601 quisque

164 2615 206 2679 de
226 2621 436 2682 evictionibus
457 2623 488 2681 b.
512 2621 536 2681 i.
540 2617 713 2705 ,judicium
733 2621 879 2688 haberet.
911 2621 985 2717 Quo
1009 2628 1074 2688 etsi
1088 2647 1166 2714 pro-

164 2728 254 2788 ximo
275 2730 446 2814 accipimus
466 2727 517 2806 id,
541 2726 627 2812 quod
647 2729 832 2810 interesset,
855 2735 885 2794 ai
900 2754 954 2796 res
970 2754 1044 2798 non
1064 2740 1165 2800 evicta

164 2836 279 2900 fuisset
302 2839 355 2921 ⁸),
385 2850 494 2902 tamen
515 2839 605 2902 nulla
628 2851 677 2903 est
698 2839 869 2923 dubitatio,
897 2845 975 2928 quin
996 2843 1165 2938 eodemuet

162 3027 372 3052 Μ

31 3133 36 3158 ’
126 3189 129 3194 ,
163 3161 177 3195 ¹
186 3161 199 3231 )
217 3159 448 3215 neemanim
466 3160 494 3215 ii
510 3154 705 3235 tupptiittntt
717 3161 781 3218 ti.
796 3160 838 3214 n.
854 3160 888 3216 at
903 3162 1049 3219 avitiani
1067 3181 1167 3236 ,agae

43 3237 46 3243 ¹
231 3269 296 3305 cnm
313 3252 464 3307 substituto
475 3270 507 3307 ex
524 3266 598 3309 emto
613 3263 710 3326 potest
726 3251 760 3306 do
776 3252 942 3307 evictionem
965 3253 1072 3310 l.8.1).
1091 3258 1166 3312 coda

231 3357 343 3412 „quare
367 3343 425 3398 sive
447 3354 547 3416 partus
570 3345 686 3401 ancillae
707 3343 765 3398 sive
788 3341 941 3408 heredites,
966 3363 1053 3418 quiin
1071 3365 1166 3403 servm

230 3435 309 3500 jussu
326 3435 440 3489 emtoris
457 3435 566 3503 adierit,
592 3436 680 3492 evicta
703 3433 797 3500 inerit,
821 3436 866 3507 agi
887 3447 1017 3492 exemto
1037 3441 1166 3512 potest.''

230 3522 250 3576 Ι.
269 3522 311 3581 16.
329 3524 365 3579 Ι).
383 3521 413 3579 h·
432 3536 472 3580 t.·.
488 3528 595 3593 „evicta
610 3544 642 3580 ro
659 3522 818 3580 vindicati
835 3534 910 3590 ¹ttnito
928 3529 982 3582 erit
998 3529 1167 3601 agendum.''

235 3612 279 3668 Cf.
299 3613 318 3673 Ι.
336 3614 381 3670 29.
399 3634 442 3686 pr.
461 3618 499 3671 1).
519 3616 552 3671 de
570 3616 701 3672 eviction.
736 3615 756 3676 l.
775 3617 818 3675 12.
836 3616 881 3672 ⁴7.
898 3617 960 3674 eo'd.
978 3619 1025 3681 tit.

166 3702 198 3773 ¹)
224 3702 244 3761 1.
262 3702 305 3761 70.
325 3695 413 3761 Μο
430 3707 579 3762 evictiont
607 3706 730 3774 „Evicta
752 3725 783 3762 re
805 3727 837 3761 ex
862 3718 937 3763 emto
958 3711 1034 3764 actio
1055 3724 1122 3767 n'sn
1137 3707 1168 3766 id

229 3785 352 3866 pretium
378 3797 520 3852 dumtaxat
541 3797 747 3870 recipiendum,
772 3799 820 3855 sed
842 3799 878 3855 ad
903 3799 935 3855 id
955 3799 1035 3873 quod
1057 3801 1167 3860 interiit

231 3888 405 3960 competit.”
920 3901 922 3905 '
